Time,Ask,Bid,AskVolume,BidVolume 
2015.01.01 22:00:01.413,1.21066,1.21038,0.75,1.5
2015.01.01 22:00:01.973,1.21067,1.21038,1.5,1.5
2015.01.01 22:00:03.297,1.2106,1.21038,0.75,1.5
2015.01.01 22:00:23.922,1.21059,1.21038,0.75,0.75
2015.01.01 22:00:24.507,1.21059,1.21037,0.75,0.75
2015.01.01 22:01:05.979,1.2106,1.21038,1.5,0.75
2015.01.01 22:01:08.390,1.21067,1.21038,1.5,1.5
2015.01.01 22:01:09.899,1.21066,1.21038,0.75,0.75
2015.01.01 22:01:09.950,1.21065,1.21036,0.75,0.75
2015.01.01 22:01:13.576,1.21062,1.21039,0.75,0.75
2015.01.01 22:01:19.984,1.21058,1.21039,0.75,1.5
2015.01.01 22:01:27.936,1.21058,1.21044,1.5,0.75
2015.01.01 22:01:29.511,1.21058,1.21039,1.5,1.5
2015.01.01 22:01:31.779,1.21062,1.21039,0.75,0.75
2015.01.01 22:01:36.504,1.21062,1.21041,0.75,0.75
2015.01.01 22:01:36.581,1.21064,1.21041,1.5,1.5
2015.01.01 22:01:55.232,1.21064,1.2105,1.5,0.1
2015.01.01 22:01:56.927,1.21063,1.2105,0.75,0.1
2015.01.01 22:01:57.155,1.21066,1.2105,1.5,0.1
2015.01.01 22:02:09.642,1.21061,1.2105,0.75,0.1
2015.01.01 22:02:10.320,1.2106,1.2105,0.75,0.1
2015.01.01 22:02:11.410,1.2106,1.21051,0.75,0.1
2015.01.01 22:02:23.491,1.2106,1.21043,0.75,0.82
2015.01.01 22:02:29.983,1.2106,1.21044,0.75,0.75
2015.01.01 22:02:30.606,1.21061,1.21044,1.5,1.5
2015.01.01 22:02:35.975,1.21058,1.21045,0.75,0.75
2015.01.01 22:02:36.399,1.21058,1.21045,1.53,1.5
2015.01.01 22:03:01.882,1.21055,1.21043,1.53,1.5
2015.01.01 22:03:02.755,1.21055,1.21043,1.5,1.5
2015.01.01 22:03:09.892,1.21049,1.21043,0.75,1.5
2015.01.01 22:03:10.166,1.21049,1.21037,2.25,1.5
2015.01.01 22:03:13.209,1.21049,1.21043,0.75,0.75
2015.01.01 22:03:13.259,1.21055,1.21043,1.5,1.5
2015.01.01 22:03:13.490,1.21055,1.21045,0.75,0.75
2015.01.01 22:03:13.541,1.21063,1.21045,0.75,0.75
2015.01.01 22:03:13.641,1.21063,1.21048,0.75,0.1
2015.01.01 22:03:14.915,1.21064,1.21048,0.75,0.1
2015.01.01 22:03:15.541,1.21065,1.21047,0.75,0.75
2015.01.01 22:03:20.228,1.21065,1.21049,0.75,0.1
2015.01.01 22:03:43.772,1.21063,1.21049,0.75,0.1
2015.01.01 22:04:04.036,1.21064,1.21045,1,1.12
2015.01.01 22:04:19.012,1.21062,1.21046,1,1.07
2015.01.01 22:04:23.564,1.21059,1.21044,1,1.87
2015.01.01 22:04:24.069,1.21058,1.21045,1.53,1.57
2015.01.01 22:04:26.531,1.21064,1.21056,2.47,1
2015.01.01 22:04:26.582,1.21069,1.21056,1.5,2.25
2015.01.01 22:04:36.872,1.21062,1.21052,2.5,1.87
2015.01.01 22:04:36.922,1.21056,1.21045,1,1.07
2015.01.01 22:04:36.973,1.21055,1.21045,1,1.07
2015.01.01 22:04:37.024,1.2105,1.21038,1.5,1.5
2015.01.01 22:04:37.075,1.2105,1.21043,1.5,1
2015.01.01 22:04:37.637,1.2105,1.21044,1.5,1
2015.01.01 22:04:38.314,1.2105,1.21043,2.25,1
2015.01.01 22:04:38.619,1.21054,1.21045,0.75,1.57
2015.01.01 22:04:38.771,1.21062,1.21045,1.5,1.57
2015.01.01 22:04:42.457,1.21063,1.21057,1,1
2015.01.01 22:04:42.508,1.21069,1.21057,1.5,1.5
2015.01.01 22:04:43.050,1.21069,1.21059,1,1
2015.01.01 22:04:43.102,1.21071,1.21059,1.5,1.5
2015.01.01 22:04:43.391,1.21064,1.21059,1,1
2015.01.01 22:04:43.442,1.21064,1.21054,1,1.5
2015.01.01 22:04:44.698,1.21066,1.21054,2.25,1.5
2015.01.01 22:04:44.799,1.21056,1.21051,1,1
2015.01.01 22:04:44.850,1.21056,1.21044,1.5,1.5
2015.01.01 22:04:53.308,1.21056,1.21048,1,1
2015.01.01 22:04:53.359,1.21058,1.21048,1,1.5
2015.01.01 22:04:55.420,1.21054,1.21048,1,1.5
2015.01.01 22:04:55.521,1.21054,1.21043,1,1.5
2015.01.01 22:04:58.527,1.2106,1.21048,1.5,1.5
2015.01.01 22:04:58.578,1.21059,1.21053,1,1
2015.01.01 22:04:59.539,1.21059,1.21048,1,2.25
2015.01.01 22:04:59.640,1.21055,1.21048,1,1
2015.01.01 22:04:59.741,1.21055,1.21043,2.25,1.5
2015.01.01 22:05:00.081,1.2105,1.21043,1,1
2015.01.01 22:05:00.132,1.2105,1.21038,1.5,1.5
2015.01.01 22:05:10.048,1.21049,1.21038,1,1.5
2015.01.01 22:05:13.019,1.21048,1.21038,1,1
2015.01.01 22:05:13.070,1.21048,1.21036,1.5,1.5
2015.01.01 22:05:13.120,1.21045,1.21036,1,1
2015.01.01 22:05:13.171,1.21045,1.21034,1.5,1
2015.01.01 22:05:13.272,1.21047,1.21035,1.5,2.25
2015.01.01 22:05:22.613,1.21046,1.21037,1,1
2015.01.01 22:05:35.972,1.21046,1.21039,1,1
2015.01.01 22:05:36.022,1.21048,1.21039,1.5,1.5
2015.01.01 22:05:39.676,1.21046,1.21039,1,1
2015.01.01 22:05:39.727,1.21046,1.21037,1.5,1.5
2015.01.01 22:06:01.240,1.21045,1.21037,1,1.5
2015.01.01 22:06:20.026,1.21045,1.21038,1,1
2015.01.01 22:06:24.780,1.21046,1.21038,1,1.5
2015.01.01 22:06:40.748,1.21046,1.21039,1,1
2015.01.01 22:06:47.018,1.21046,1.21042,1,1
2015.01.01 22:06:52.737,1.21046,1.21041,1.5,1
2015.01.01 22:07:12.909,1.21045,1.21041,1.5,1
2015.01.01 22:07:33.035,1.21046,1.21041,2.25,1
2015.01.01 22:07:56.580,1.21046,1.21037,2.25,1.5
2015.01.01 22:08:28.195,1.21046,1.21041,1.5,1
2015.01.01 22:08:30.696,1.21046,1.21037,1.5,1.5
2015.01.01 22:08:33.033,1.21047,1.21032,1,1
2015.01.01 22:08:46.799,1.21047,1.21033,1,1
2015.01.01 22:08:47.254,1.21045,1.21034,1,1
2015.01.01 22:08:47.893,1.21044,1.21035,1,1
2015.01.01 22:09:27.978,1.21043,1.21035,1,1
2015.01.01 22:09:28.566,1.21043,1.21034,1.5,1.5
2015.01.01 22:09:46.401,1.21039,1.21034,1,1
2015.01.01 22:09:46.454,1.21037,1.21032,1.5,1.5
2015.01.01 22:09:51.235,1.21035,1.21032,1,1
2015.01.01 22:09:51.286,1.21034,1.2103,1.5,1.5
2015.01.01 22:10:11.981,1.21035,1.21031,1.5,1.5
2015.01.01 22:10:19.384,1.21033,1.21028,1.5,1
2015.01.01 22:10:19.487,1.21035,1.21031,1.5,1.5
2015.01.01 22:10:19.846,1.21035,1.21033,1,1
2015.01.01 22:10:19.896,1.21037,1.21033,1.5,1.5
2015.01.01 22:10:40.000,1.21037,1.21034,1,1
2015.01.01 22:10:40.508,1.21038,1.21034,1,1
2015.01.01 22:11:01.022,1.21037,1.21033,1,1.5
2015.01.01 22:11:20.967,1.21037,1.21034,1,1
2015.01.01 22:11:21.474,1.21038,1.21034,1.5,1.5
2015.01.01 22:11:23.619,1.21035,1.21034,1,1
2015.01.01 22:11:23.670,1.21035,1.21031,1.5,1.5
2015.01.01 22:11:35.188,1.21033,1.21031,1,1
2015.01.01 22:11:35.239,1.21033,1.21029,1.5,1.5
2015.01.01 22:11:35.289,1.21032,1.21029,1,1
2015.01.01 22:11:35.341,1.21031,1.21027,1.5,2.25
2015.01.01 22:11:35.392,1.21029,1.21027,1,1
2015.01.01 22:11:35.443,1.21029,1.21025,1.5,1.5
2015.01.01 22:11:35.497,1.21029,1.21028,1,1
2015.01.01 22:11:35.548,1.21032,1.21028,1,1
2015.01.01 22:11:35.799,1.21033,1.21031,1,1
2015.01.01 22:11:35.850,1.21035,1.21031,1.5,1.5
2015.01.01 22:11:39.027,1.21032,1.21031,1,1
2015.01.01 22:11:39.078,1.21032,1.21028,1.5,1.5
2015.01.01 22:11:39.129,1.2103,1.21028,1,1
2015.01.01 22:11:39.180,1.2103,1.21026,1.5,1.5
2015.01.01 22:11:39.231,1.2103,1.21028,1,1
2015.01.01 22:11:39.281,1.21033,1.21029,1,1
2015.01.01 22:11:39.534,1.21033,1.21032,1,1
2015.01.01 22:11:39.585,1.21036,1.21032,1.5,1.5
2015.01.01 22:11:49.844,1.21039,1.21037,1.12,1
2015.01.01 22:11:49.895,1.21039,1.21037,1,1
2015.01.01 22:11:50.097,1.21051,1.21037,1,1.5
2015.01.01 22:11:51.034,1.21049,1.21037,1,1.5
2015.01.01 22:11:56.058,1.21046,1.21038,1,1
2015.01.01 22:11:56.361,1.21046,1.21044,1,1
2015.01.01 22:11:56.413,1.21048,1.21044,1.5,1.5
2015.01.01 22:11:56.974,1.21046,1.21034,1.5,1.5
2015.01.01 22:11:57.227,1.21046,1.21031,1.5,1.5
2015.01.01 22:11:57.430,1.21045,1.21036,1,1
2015.01.01 22:11:57.581,1.21046,1.2103,1.5,1.5
2015.01.01 22:11:57.633,1.21045,1.21036,1,1
2015.01.01 22:11:57.784,1.21046,1.2103,1.5,1.5
2015.01.01 22:11:57.986,1.21046,1.21032,1.5,1
2015.01.01 22:11:58.289,1.21045,1.21036,1.5,1.5
2015.01.01 22:12:08.336,1.21046,1.21034,1.5,1.5
2015.01.01 22:12:08.438,1.21045,1.21029,1.12,1
2015.01.01 22:12:08.539,1.21045,1.21026,1.87,1.5
2015.01.01 22:12:08.640,1.21045,1.21032,2.62,1
2015.01.01 22:12:08.994,1.21046,1.21028,2.25,2.25
2015.01.01 22:12:09.255,1.21045,1.21036,1.12,1
2015.01.01 22:12:21.200,1.21048,1.21036,1,1.5
2015.01.01 22:12:21.252,1.21051,1.21036,1.5,1.5
2015.01.01 22:12:21.360,1.21051,1.2104,1.5,1
2015.01.01 22:12:21.663,1.21057,1.21053,1.5,1.5
2015.01.01 22:12:22.212,1.21054,1.21052,1,1
2015.01.01 22:12:22.264,1.21054,1.21047,1.5,1
2015.01.01 22:12:22.366,1.21054,1.21047,1.5,2.17
2015.01.01 22:12:22.719,1.21057,1.21053,1.5,1.5
2015.01.01 22:12:27.714,1.21055,1.21052,1,1.5
2015.01.01 22:12:27.868,1.21054,1.21039,1.5,1.5
2015.01.01 22:12:42.936,1.21054,1.2104,1,1
2015.01.01 22:12:43.513,1.21053,1.21041,1.5,1.5
2015.01.01 22:12:53.236,1.21051,1.21041,1,1
2015.01.01 22:12:53.286,1.21051,1.21039,1.5,1.5
2015.01.01 22:13:13.939,1.21051,1.2104,1,1
2015.01.01 22:13:14.544,1.21052,1.2104,1.5,1.5
2015.01.01 22:13:33.966,1.21051,1.2104,1,1
2015.01.01 22:13:34.678,1.21051,1.21039,1.5,1.5
2015.01.01 22:14:34.047,1.21051,1.21035,1,1.42
2015.01.01 22:14:35.944,1.21051,1.21035,1.5,3.1
2015.01.01 22:14:36.450,1.2105,1.21035,1,4.22
2015.01.01 22:14:50.399,1.21048,1.21038,1,1
2015.01.01 22:14:50.450,1.21048,1.21036,1.5,1.5
2015.01.01 22:14:52.477,1.21048,1.21039,1,1
2015.01.01 22:14:52.528,1.21057,1.21055,1,1.12
2015.01.01 22:14:52.580,1.21064,1.2106,1,1.37
2015.01.01 22:14:52.682,1.21073,1.21064,1,1.31
2015.01.01 22:14:52.783,1.21079,1.21064,1.5,1.62
2015.01.01 22:14:52.986,1.21069,1.21061,1,1.12
2015.01.01 22:14:53.087,1.21064,1.21058,1.05,1
2015.01.01 22:14:53.189,1.21059,1.21054,1.5,1
2015.01.01 22:14:53.291,1.21057,1.21053,1,1
2015.01.01 22:14:53.342,1.21056,1.21046,1.5,1.19
2015.01.01 22:14:53.596,1.21056,1.21044,1.5,1.37
2015.01.01 22:14:53.900,1.21054,1.21038,1,2.85
2015.01.01 22:14:53.951,1.21054,1.21038,1.5,1.72
2015.01.01 22:14:54.002,1.21054,1.21038,1.5,1.5
2015.01.01 22:14:54.204,1.21052,1.21038,1,1
2015.01.01 22:14:54.255,1.21052,1.21035,1.5,2.06
2015.01.01 22:14:58.236,1.21052,1.21035,1.5,2.06
2015.01.01 22:15:05.156,1.21052,1.21038,1.5,1
2015.01.01 22:15:05.459,1.21056,1.21041,1.5,1.54
2015.01.01 22:15:06.145,1.21063,1.21062,1.5,1
2015.01.01 22:15:06.196,1.21076,1.21072,1.5,1
2015.01.01 22:15:06.247,1.21076,1.21073,1.5,1
2015.01.01 22:15:06.298,1.21078,1.21073,1.5,1.5
2015.01.01 22:15:06.703,1.21082,1.21073,1.5,1.5
2015.01.01 22:15:26.966,1.21081,1.21073,1,1
2015.01.01 22:15:27.496,1.21081,1.21072,1.5,1.5
2015.01.01 22:15:31.151,1.21079,1.21072,1,2.25
2015.01.01 22:15:31.454,1.21062,1.21056,1,1
2015.01.01 22:15:31.878,1.21054,1.21046,1.5,1.43
2015.01.01 22:15:33.333,1.21054,1.21042,1.5,1.39
2015.01.01 22:15:46.552,1.21054,1.21041,1.5,1.5
2015.01.01 22:15:46.653,1.21052,1.21041,1,1
2015.01.01 22:15:47.177,1.21052,1.21039,1.5,1.87
2015.01.01 22:15:47.379,1.21051,1.21036,1.5,1.19
2015.01.01 22:15:48.317,1.21051,1.21035,1.5,2.81
2015.01.01 22:15:50.518,1.21051,1.21035,1.5,2.81
2015.01.01 22:15:51.010,1.21051,1.21035,1.5,2.44
2015.01.01 22:15:51.313,1.21053,1.21039,1.5,1.56
2015.01.01 22:15:53.023,1.21053,1.21035,1.5,2.29
2015.01.01 22:15:53.124,1.21053,1.21037,1,1.19
2015.01.01 22:15:53.175,1.21051,1.21035,1.5,2.06
2015.01.01 22:15:53.327,1.21051,1.21035,1.5,1.87
2015.01.01 22:15:53.994,1.2105,1.21033,1.5,2.86
2015.01.01 22:15:54.642,1.2105,1.21033,1.5,2.86
2015.01.01 22:15:55.147,1.2105,1.21033,1.5,2.86
2015.01.01 22:15:55.905,1.2105,1.21033,1.5,2.86
2015.01.01 22:15:58.219,1.2105,1.21033,1.5,2.48
2015.01.01 22:16:00.116,1.2105,1.21033,1.5,2.48
2015.01.01 22:16:01.148,1.2105,1.21033,1.5,2.48
2015.01.01 22:16:03.260,1.2105,1.21033,1.5,2.86
2015.01.01 22:16:04.273,1.2105,1.21033,1.5,2.06
2015.01.01 22:16:04.880,1.2105,1.21033,1.5,2.06
2015.01.01 22:16:05.359,1.2105,1.21042,1.5,1
2015.01.01 22:16:05.511,1.21057,1.21047,1.5,2.55
2015.01.01 22:16:05.663,1.21055,1.21049,1,1
2015.01.01 22:16:08.480,1.21055,1.21047,1.5,1
2015.01.01 22:16:08.632,1.21053,1.21045,1,2.47
2015.01.01 22:16:08.733,1.2105,1.21038,1,1
2015.01.01 22:16:08.784,1.21048,1.21034,1,1.56
2015.01.01 22:16:10.581,1.21048,1.21032,1.5,3.71
2015.01.01 22:16:11.114,1.21048,1.21032,1.5,3.34
2015.01.01 22:16:11.709,1.21048,1.21032,1.5,3.71
2015.01.01 22:16:17.779,1.21039,1.21032,1.37,2.4
2015.01.01 22:16:17.832,1.21038,1.21032,2.25,1.2
2015.01.01 22:16:18.138,1.21038,1.21035,1,1
2015.01.01 22:16:18.240,1.21044,1.21032,1.5,2.06
2015.01.01 22:16:18.341,1.21046,1.21032,1.5,2.06
2015.01.01 22:16:23.753,1.21046,1.21032,1.5,1.69
2015.01.01 22:16:23.804,1.21038,1.21032,1,1.5
2015.01.01 22:16:26.932,1.21037,1.21032,1,1.37
2015.01.01 22:16:27.033,1.21036,1.2103,1.5,1.87
2015.01.01 22:16:27.135,1.2104,1.21035,1.5,1.25
2015.01.01 22:16:27.236,1.21044,1.21035,1.5,1.25
2015.01.01 22:16:27.337,1.21046,1.21035,1,1.25
2015.01.01 22:16:27.794,1.21038,1.21033,1,1
2015.01.01 22:16:27.846,1.21036,1.21033,1.5,1
2015.01.01 22:16:27.998,1.21034,1.21031,1.5,1
2015.01.01 22:16:28.584,1.21031,1.21025,1,1.5
2015.01.01 22:16:28.787,1.21033,1.21023,2.62,1.5
2015.01.01 22:16:28.838,1.21033,1.21023,2.25,1.5
2015.01.01 22:16:29.040,1.21033,1.21025,1.5,1
2015.01.01 22:16:29.372,1.21033,1.21027,1,2.25
2015.01.01 22:16:31.124,1.21036,1.21027,1,2.25
2015.01.01 22:16:31.174,1.21033,1.21027,1,1
2015.01.01 22:16:31.225,1.21032,1.21022,1,1.5
2015.01.01 22:16:31.631,1.21032,1.21025,2.25,1
2015.01.01 22:16:32.013,1.21034,1.21028,1,1.5
2015.01.01 22:16:33.936,1.21034,1.21033,1,1
2015.01.01 22:16:33.987,1.21038,1.21033,1,1
2015.01.01 22:16:34.038,1.21043,1.21033,1,1
2015.01.01 22:16:34.139,1.21044,1.2103,1,1
2015.01.01 22:16:34.190,1.21042,1.2103,1,1
2015.01.01 22:16:34.520,1.21032,1.21024,1,1.5
2015.01.01 22:16:39.031,1.21033,1.21024,1,1.5
2015.01.01 22:16:45.979,1.21031,1.21024,1,1.5
2015.01.01 22:16:52.250,1.21031,1.21022,1,1
2015.01.01 22:17:01.101,1.2103,1.21022,1,1
2015.01.01 22:17:02.479,1.21022,1.21019,1.5,1
2015.01.01 22:17:02.582,1.21008,1.21006,1.5,1
2015.01.01 22:17:02.683,1.21019,1.21014,1,1
2015.01.01 22:17:02.936,1.21015,1.21006,2.1,1
2015.01.01 22:17:02.987,1.21018,1.21012,1.12,0.37
2015.01.01 22:17:03.240,1.21026,1.21019,1,1
2015.01.01 22:17:03.291,1.21029,1.21019,2.25,1.5
2015.01.01 22:17:03.695,1.21028,1.21014,1.5,1.5
2015.01.01 22:17:03.746,1.21026,1.21015,1,1
2015.01.01 22:17:06.574,1.21018,1.21015,1.5,1
2015.01.01 22:17:06.625,1.21018,1.2101,2.25,1.5
2015.01.01 22:17:06.879,1.21018,1.21008,2.25,3
2015.01.01 22:17:08.859,1.21018,1.21009,2.25,1
2015.01.01 22:17:09.062,1.21013,1.21009,1,1
2015.01.01 22:17:09.163,1.21013,1.21005,1,1
2015.01.01 22:17:09.214,1.21013,1.21003,1,1
2015.01.01 22:17:11.410,1.21013,1.21003,1,1.37
2015.01.01 22:17:12.179,1.21013,1.21007,1,1.37
2015.01.01 22:17:12.332,1.21018,1.2101,2.25,2.62
2015.01.01 22:17:12.383,1.21018,1.2101,2.25,2.62
2015.01.01 22:17:12.585,1.21018,1.21012,2.25,1
2015.01.01 22:17:12.686,1.21014,1.21012,1,1
2015.01.01 22:17:13.211,1.21013,1.2101,1.5,1.87
2015.01.01 22:17:21.087,1.21013,1.2101,1.5,1.5
2015.01.01 22:17:21.189,1.21013,1.21003,1.5,1.87
2015.01.01 22:17:29.438,1.21013,1.21003,1.5,1.5
2015.01.01 22:17:30.396,1.21013,1.21003,1.5,1.53
2015.01.01 22:17:33.112,1.21013,1.21006,1,1.5
2015.01.01 22:17:33.163,1.21016,1.21006,2.25,2.25
2015.01.01 22:17:36.915,1.21013,1.21006,1,1
2015.01.01 22:17:36.966,1.21013,1.21003,1.5,1.53
2015.01.01 22:17:40.114,1.21011,1.21003,1,1.03
2015.01.01 22:17:40.216,1.21011,1.21002,1,1
2015.01.01 22:17:40.721,1.21012,1.21002,1.5,1.5
2015.01.01 22:17:41.291,1.21012,1.21004,1,1
2015.01.01 22:17:41.342,1.21014,1.21004,1.5,1.5
2015.01.01 22:18:21.945,1.21014,1.21005,1,1
2015.01.01 22:18:22.454,1.21015,1.21005,4.87,1.5
2015.01.01 22:18:39.269,1.21013,1.21005,1,1
2015.01.01 22:18:39.319,1.21013,1.21003,1,1
2015.01.01 22:19:39.555,1.21015,1.21,1,3.67
2015.01.01 22:19:45.338,1.21014,1.21,1,5.85
2015.01.01 22:19:49.180,1.21012,1.21005,1,1
2015.01.01 22:20:19.667,1.21012,1.21005,1.37,1
2015.01.01 22:20:19.719,1.21009,1.20999,1,3.3
2015.01.01 22:20:19.820,1.21011,1.21004,1.5,1.5
2015.01.01 22:20:44.740,1.21009,1.21002,1,1.12
2015.01.01 22:20:53.944,1.21009,1.21004,1,1
2015.01.01 22:20:53.995,1.21011,1.21004,1.5,1.5
2015.01.01 22:21:29.286,1.21011,1.21006,1,1
2015.01.01 22:21:29.337,1.21013,1.21006,2.25,1.5
2015.01.01 22:22:10.054,1.21012,1.21005,1.5,1.5
2015.01.01 22:22:17.264,1.21014,1.21007,1.5,1.5
2015.01.01 22:22:38.099,1.21013,1.21006,1.5,1.5
2015.01.01 22:22:49.274,1.21013,1.2101,1,1.37
2015.01.01 22:22:49.327,1.21018,1.21015,1.67,1.87
2015.01.01 22:22:49.378,1.21022,1.2102,1,1
2015.01.01 22:22:49.429,1.21025,1.2102,1,1.5
2015.01.01 22:22:49.480,1.21029,1.2102,1.5,2.55
2015.01.01 22:22:49.582,1.21037,1.21023,1,1
2015.01.01 22:22:49.683,1.21041,1.21023,2.25,1.5
2015.01.01 22:22:49.785,1.21036,1.21022,1.5,1.25
2015.01.01 22:22:50.089,1.21027,1.21022,1,1.5
2015.01.01 22:22:50.633,1.21026,1.21022,1,1.5
2015.01.01 22:22:50.785,1.21025,1.21017,1,1
2015.01.01 22:22:51.296,1.21023,1.21014,1,1.5
2015.01.01 22:22:59.509,1.21022,1.21014,1,1.5
2015.01.01 22:22:59.610,1.21022,1.21012,1,1.5
2015.01.01 22:23:00.118,1.21022,1.21013,1,1.5
2015.01.01 22:23:03.899,1.21022,1.21013,1,1.87
2015.01.01 22:23:04.404,1.21023,1.21014,1,1
2015.01.01 22:23:06.982,1.21022,1.21014,1,1
2015.01.01 22:23:07.535,1.21022,1.21013,1,1.5
2015.01.01 22:23:12.680,1.21022,1.21013,1,2.06
2015.01.01 22:23:12.782,1.21022,1.21015,1,2.06
2015.01.01 22:23:15.940,1.21022,1.21015,1,1.69
2015.01.01 22:23:16.142,1.21025,1.21019,1,1.87
2015.01.01 22:23:16.244,1.21024,1.21017,1,1.69
2015.01.01 22:23:20.525,1.21027,1.21017,2.25,1.5
2015.01.01 22:23:25.651,1.21028,1.21019,1.5,1.5
2015.01.01 22:23:25.955,1.21026,1.21019,1.5,1.5
2015.01.01 22:24:07.083,1.21027,1.2102,1.5,1.5
2015.01.01 22:24:27.844,1.21028,1.21021,1.5,1.5
2015.01.01 22:24:43.570,1.21031,1.21024,2.25,1.5
2015.01.01 22:24:45.541,1.21031,1.21023,2.25,1.5
2015.01.01 22:24:46.449,1.21031,1.21025,1,1.5
2015.01.01 22:24:47.216,1.21032,1.21025,2.25,1.5
2015.01.01 22:24:47.833,1.2103,1.21023,1,1
2015.01.01 22:24:50.258,1.2103,1.21023,1,1.5
2015.01.01 22:24:50.360,1.2103,1.21023,1,1.12
2015.01.01 22:24:53.822,1.21029,1.21023,1,1
2015.01.01 22:24:53.873,1.21029,1.21019,1,1
2015.01.01 22:24:55.483,1.21028,1.21019,1,1
2015.01.01 22:24:55.686,1.21028,1.21016,1,1.5
2015.01.01 22:24:56.571,1.21027,1.21016,1,1.5
2015.01.01 22:25:00.475,1.21027,1.21014,1,1.5
2015.01.01 22:25:00.953,1.21027,1.21016,1,1
2015.01.01 22:25:01.256,1.21031,1.21021,2.25,1.5
2015.01.01 22:25:02.085,1.21029,1.21021,1,1.5
2015.01.01 22:25:02.745,1.21029,1.2102,1.5,1
2015.01.01 22:25:03.622,1.21027,1.2102,1,1
2015.01.01 22:25:03.723,1.21029,1.21019,1,1
2015.01.01 22:25:03.976,1.21029,1.21017,1,1.5
2015.01.01 22:25:05.880,1.21029,1.21016,1,1.5
2015.01.01 22:25:08.276,1.21029,1.21019,1,1.25
2015.01.01 22:25:09.582,1.21029,1.21018,1,1.5
2015.01.01 22:25:11.198,1.21029,1.21019,1,1
2015.01.01 22:25:11.728,1.21029,1.2102,1,1
2015.01.01 22:25:14.157,1.21029,1.2102,1,1.19
2015.01.01 22:25:14.461,1.2103,1.21023,1,1.5
2015.01.01 22:25:16.365,1.21028,1.21023,1,1
2015.01.01 22:25:16.416,1.21028,1.21018,1,2.55
2015.01.01 22:25:17.041,1.21028,1.21018,1,1.87
2015.01.01 22:25:29.711,1.21028,1.2102,1,1.25
2015.01.01 22:25:30.117,1.21028,1.21017,1,2.06
2015.01.01 22:25:32.093,1.21028,1.21017,1,1.87
2015.01.01 22:25:46.490,1.21028,1.21017,1,1.87
2015.01.01 22:25:53.240,1.21029,1.21018,2.25,1.05
2015.01.01 22:25:53.290,1.21029,1.21022,2.25,1
2015.01.01 22:25:54.260,1.21029,1.21024,1.5,1
2015.01.01 22:25:54.362,1.21031,1.21024,2.25,1.5
2015.01.01 22:25:54.625,1.21029,1.21024,1,1.5
2015.01.01 22:25:58.185,1.21031,1.21024,2.25,1.5
2015.01.01 22:25:58.488,1.21029,1.21024,1,1.5
2015.01.01 22:25:58.792,1.21031,1.21026,1,1.5
2015.01.01 22:26:02.190,1.21031,1.21024,1.5,1
2015.01.01 22:26:02.241,1.21029,1.21024,1,1
2015.01.01 22:26:03.887,1.21029,1.21022,1.5,1
2015.01.01 22:26:23.991,1.21029,1.21023,1.5,1
2015.01.01 22:26:45.017,1.21029,1.21022,2.25,1.5
2015.01.01 22:27:25.966,1.21028,1.21022,1,1
2015.01.01 22:27:26.481,1.21028,1.21021,1,1
2015.01.01 22:27:35.400,1.21026,1.21021,1.5,1.5
2015.01.01 22:27:41.509,1.21028,1.21019,1,1
2015.01.01 22:27:57.259,1.2103,1.21021,1.5,1.5
2015.01.01 22:28:22.087,1.21028,1.21021,1,1.5
2015.01.01 22:28:27.599,1.21033,1.21015,1.05,2.17
2015.01.01 22:28:27.650,1.21036,1.21015,3.86,1.5
2015.01.01 22:28:27.701,1.21032,1.21013,1.37,1
2015.01.01 22:28:27.942,1.21031,1.2101,1.37,1.25
2015.01.01 22:28:28.496,1.21031,1.2101,1,1.31
2015.01.01 22:28:28.547,1.21031,1.21013,1,1
2015.01.01 22:28:28.598,1.21034,1.21013,1.5,1.5
2015.01.01 22:28:31.881,1.21034,1.21013,1.5,1.87
2015.01.01 22:28:31.983,1.21034,1.21015,1,1
2015.01.01 22:28:32.034,1.21036,1.21015,2.25,1.5
2015.01.01 22:28:51.604,1.21034,1.21015,1,1
2015.01.01 22:28:51.655,1.21034,1.21013,1.5,1.5
2015.01.01 22:28:51.706,1.21033,1.21015,1,1
2015.01.01 22:28:52.038,1.2103,1.21015,1.5,1.5
2015.01.01 22:28:52.643,1.21028,1.21015,1.5,1.5
2015.01.01 22:28:58.752,1.21033,1.21012,1.5,1.5
2015.01.01 22:29:11.668,1.21035,1.21014,1.5,1.5
2015.01.01 22:29:32.057,1.21034,1.21014,1,1
2015.01.01 22:29:32.560,1.21034,1.21013,1,1
2015.01.01 22:29:41.008,1.21034,1.21013,1,1.19
2015.01.01 22:29:42.498,1.21034,1.21013,1,1.25
2015.01.01 22:29:42.599,1.21037,1.21016,1,1
2015.01.01 22:30:00.140,1.21038,1.2102,1,1.5
2015.01.01 22:30:00.393,1.21041,1.2102,2.44,1.5
2015.01.01 22:30:01.144,1.21041,1.2102,2.25,1.5
2015.01.01 22:30:05.250,1.21041,1.21022,1,1.5
2015.01.01 22:30:05.355,1.21043,1.21022,2.25,1.5
2015.01.01 22:30:07.380,1.21043,1.21022,2.25,1.87
2015.01.01 22:30:07.481,1.21043,1.21022,2.25,1.5
2015.01.01 22:30:21.145,1.21043,1.21025,1.69,1
2015.01.01 22:30:22.096,1.21046,1.21025,2.81,1.5
2015.01.01 22:30:22.473,1.21046,1.2103,1.87,1
2015.01.01 22:30:22.574,1.21047,1.2103,1.5,1.12
2015.01.01 22:30:25.428,1.21047,1.21029,1.5,1.5
2015.01.01 22:30:25.581,1.21047,1.21026,3,1.5
2015.01.01 22:30:32.456,1.2104,1.21026,1,1.5
2015.01.01 22:30:32.609,1.21033,1.21018,1,1
2015.01.01 22:30:33.269,1.21032,1.21018,1,1.5
2015.01.01 22:30:37.438,1.21036,1.21017,1,2.44
2015.01.01 22:30:37.489,1.21036,1.2102,1,1.5
2015.01.01 22:30:37.540,1.21039,1.2102,2.25,1.5
2015.01.01 22:30:37.692,1.2104,1.21022,1,1
2015.01.01 22:30:37.793,1.21044,1.21025,1,1.5
2015.01.01 22:30:37.894,1.21046,1.21025,1.5,1.5
2015.01.01 22:30:37.946,1.21031,1.21025,0.75,1.5
2015.01.01 22:30:38.099,1.21031,1.21018,1,1
2015.01.01 22:30:38.150,1.21031,1.21021,1,1
2015.01.01 22:30:39.016,1.21031,1.2102,1,1
2015.01.01 22:30:39.067,1.21033,1.2102,1.5,1
2015.01.01 22:30:41.019,1.21033,1.21021,1.5,1
2015.01.01 22:30:42.025,1.21033,1.2102,1.5,1
2015.01.01 22:30:45.594,1.21031,1.2102,1,1
2015.01.01 22:30:48.586,1.21031,1.21021,1,1
2015.01.01 22:30:49.394,1.21032,1.21021,1,1
2015.01.01 22:30:49.937,1.21032,1.2102,1,1
2015.01.01 22:31:06.017,1.21023,1.21017,1,1.5
2015.01.01 22:31:06.119,1.21023,1.21012,1,1
2015.01.01 22:31:06.625,1.21023,1.21011,1,1.69
2015.01.01 22:31:09.010,1.21024,1.21011,1,1.5
2015.01.01 22:31:09.111,1.21024,1.21013,1,1
2015.01.01 22:31:09.212,1.21026,1.21013,1,1
2015.01.01 22:31:42.266,1.21026,1.21014,1,1
2015.01.01 22:31:42.772,1.21026,1.21013,1,1
2015.01.01 22:31:54.171,1.21027,1.21013,1,1
2015.01.01 22:31:54.756,1.21028,1.21013,1,1
2015.01.01 22:31:56.720,1.21027,1.21013,1,1
2015.01.01 22:32:05.016,1.21028,1.21013,1.5,1
2015.01.01 22:32:06.141,1.21027,1.21013,1,1
2015.01.01 22:32:06.731,1.21028,1.21013,1.5,1
2015.01.01 22:32:07.266,1.21027,1.21013,1,1
2015.01.01 22:32:08.083,1.21028,1.21013,1.5,1
2015.01.01 22:32:08.787,1.21027,1.21013,1,1
2015.01.01 22:32:09.221,1.21027,1.21011,1,1
2015.01.01 22:32:13.783,1.21027,1.2101,1,1.5
2015.01.01 22:32:14.728,1.21027,1.21011,2.25,1
2015.01.01 22:32:15.009,1.21024,1.21011,1,1
2015.01.01 22:32:18.014,1.21025,1.21011,1,1
2015.01.01 22:32:18.534,1.21025,1.21012,1,1.5
2015.01.01 22:32:51.025,1.21027,1.21012,1.5,1.5
2015.01.01 22:33:10.539,1.21026,1.21012,1,1.5
2015.01.01 22:33:17.912,1.21026,1.21012,1,2.17
2015.01.01 22:33:18.275,1.21025,1.2102,1.5,1.5
2015.01.01 22:33:24.059,1.21024,1.2102,1,1.5
2015.01.01 22:33:26.962,1.21025,1.2102,2.25,1.5
2015.01.01 22:33:27.316,1.21027,1.21022,1.5,1.5
2015.01.01 22:33:47.014,1.21026,1.21022,1,1.5
2015.01.01 22:33:48.130,1.21027,1.21022,3,1.5
2015.01.01 22:33:52.135,1.21026,1.21022,1,1.5
2015.01.01 22:34:20.631,1.21027,1.21021,3,1.5
2015.01.01 22:34:21.206,1.21026,1.21021,1,1.5
2015.01.01 22:34:27.290,1.21026,1.21016,1,1.67
2015.01.01 22:34:27.774,1.21024,1.21016,1,1.67
2015.01.01 22:34:28.413,1.21023,1.21016,1,1.67
2015.01.01 22:34:28.950,1.21023,1.21017,1,1.67
2015.01.01 22:34:31.502,1.21023,1.21016,1,1.67
2015.01.01 22:34:32.047,1.21023,1.21017,1,1.67
2015.01.01 22:34:33.062,1.21028,1.21017,1,1.67
2015.01.01 22:34:36.888,1.21028,1.21016,1,1.67
2015.01.01 22:34:37.947,1.21028,1.21017,1,1.67
2015.01.01 22:34:42.086,1.21028,1.21016,1,1.67
2015.01.01 22:34:42.661,1.21028,1.21017,1,1.67
2015.01.01 22:34:50.352,1.21028,1.21015,1,2.1
2015.01.01 22:34:50.911,1.21028,1.21016,1,1.67
2015.01.01 22:34:53.005,1.21024,1.21016,1,1.67
2015.01.01 22:34:54.007,1.21028,1.21016,1,2.17
2015.01.01 22:34:57.078,1.21028,1.21016,1,1.67
2015.01.01 22:34:57.822,1.21028,1.21016,1,2.17
2015.01.01 22:35:09.350,1.21028,1.21017,1,2.17
2015.01.01 22:35:10.225,1.21028,1.21017,1,2.17
2015.01.01 22:35:10.730,1.21029,1.21019,1.5,1.42
2015.01.01 22:35:20.913,1.21029,1.2102,1.5,1
2015.01.01 22:35:21.435,1.21029,1.21019,1.5,1.42
2015.01.01 22:35:29.864,1.21029,1.21021,1.5,1
2015.01.01 22:35:34.065,1.2103,1.21021,1,1
2015.01.01 22:35:50.067,1.21028,1.21023,1.5,1.5
2015.01.01 22:36:11.072,1.21027,1.21023,1,1
2015.01.01 22:36:11.713,1.21027,1.21022,1,1
2015.01.01 22:36:31.106,1.21026,1.21021,1,1.5
2015.01.01 22:36:45.214,1.21025,1.21021,1,1.5
2015.01.01 22:36:47.303,1.21026,1.21021,2.25,1.5
2015.01.01 22:37:08.882,1.21024,1.21019,1,1
2015.01.01 22:37:52.122,1.21021,1.21016,1.5,1.5
2015.01.01 22:37:52.425,1.21016,1.21012,1.5,1.5
2015.01.01 22:37:53.231,1.21018,1.21013,1.5,1.5
2015.01.01 22:37:55.119,1.21021,1.21016,1.5,1.5
2015.01.01 22:38:16.029,1.2102,1.21016,1,1
2015.01.01 22:38:16.569,1.2102,1.21015,1.5,1.5
2015.01.01 22:39:03.956,1.2102,1.21015,1.5,1.87
2015.01.01 22:39:04.057,1.21023,1.21018,1.5,1.5
2015.01.01 22:39:04.260,1.21025,1.2102,1.5,1
2015.01.01 22:39:21.070,1.21027,1.21022,2.25,1.5
2015.01.01 22:40:21.213,1.21028,1.2102,1,1.5
2015.01.01 22:40:21.567,1.21027,1.21017,1,1.67
2015.01.01 22:40:23.495,1.21028,1.21017,1.5,1.67
2015.01.01 22:40:25.302,1.21026,1.21015,1,1.35
2015.01.01 22:40:25.900,1.21027,1.21015,1,2.1
2015.01.01 22:40:26.532,1.21027,1.21014,1,1.35
2015.01.01 22:40:27.073,1.21027,1.21015,1,1.35
2015.01.01 22:40:27.586,1.21028,1.21017,1.5,1.42
2015.01.01 22:40:29.226,1.21028,1.21017,1.5,1.67
2015.01.01 22:40:31.458,1.21028,1.21017,1.5,1.42
2015.01.01 22:40:32.452,1.21028,1.21017,1.5,1.67
2015.01.01 22:40:33.335,1.21027,1.21015,1,2.85
2015.01.01 22:40:35.636,1.21028,1.21017,1.5,1.67
2015.01.01 22:40:36.712,1.21027,1.21016,1,1.67
2015.01.01 22:40:39.208,1.21026,1.21016,1,2.17
2015.01.01 22:40:39.851,1.21027,1.21016,1,1.67
2015.01.01 22:40:41.248,1.21026,1.21016,1,1.67
2015.01.01 22:40:41.899,1.21027,1.21017,1,1.67
2015.01.01 22:40:45.116,1.21027,1.21017,1,1.42
2015.01.01 22:40:45.646,1.21026,1.21016,1,1.67
2015.01.01 22:40:47.379,1.21026,1.21016,1,1.67
2015.01.01 22:40:47.900,1.21027,1.21016,1.5,1.67
2015.01.01 22:40:49.281,1.21026,1.21015,1,2.1
2015.01.01 22:40:51.515,1.21026,1.21016,1,1.67
2015.01.01 22:40:52.174,1.21026,1.21016,1,1.67
2015.01.01 22:40:55.255,1.21025,1.21016,1,1.67
2015.01.01 22:40:55.820,1.21026,1.21016,1,1.67
2015.01.01 22:40:57.287,1.21025,1.2102,2.25,1.5
2015.01.01 22:41:32.828,1.21027,1.21022,1.5,1.5
2015.01.01 22:42:22.227,1.21029,1.21024,1.5,1.5
2015.01.01 22:42:30.740,1.21028,1.21024,1,1.5
2015.01.01 22:42:42.246,1.21029,1.21024,2.25,1.5
2015.01.01 22:42:47.662,1.21031,1.21026,2.25,1.5
2015.01.01 22:42:47.966,1.21028,1.21024,1,1.5
2015.01.01 22:42:56.871,1.21029,1.21024,2.25,1.5
2015.01.01 22:43:04.605,1.21029,1.21025,1.5,1
2015.01.01 22:43:06.573,1.21029,1.21026,1,1
2015.01.01 22:43:06.675,1.21031,1.21026,1.5,1.5
2015.01.01 22:43:08.683,1.21031,1.21028,1,1
2015.01.01 22:43:08.784,1.21033,1.21028,1.5,1.5
2015.01.01 22:43:24.671,1.21033,1.21028,1.5,2.62
2015.01.01 22:43:24.772,1.21035,1.2103,1.5,2.62
2015.01.01 22:43:24.823,1.21035,1.21032,1,1
2015.01.01 22:43:24.874,1.21037,1.21032,2.25,1.5
2015.01.01 22:43:38.098,1.21037,1.21034,1,1
2015.01.01 22:43:38.199,1.21039,1.21034,1.5,1.5
2015.01.01 22:43:57.228,1.21039,1.21036,1,1
2015.01.01 22:43:57.430,1.21043,1.21038,1,1
2015.01.01 22:44:17.842,1.21042,1.21037,1,1.5
2015.01.01 22:44:31.496,1.2104,1.21037,1,1
2015.01.01 22:44:31.546,1.2104,1.21035,1.5,1.5
2015.01.01 22:44:31.597,1.21038,1.21035,1,1
2015.01.01 22:44:31.648,1.21038,1.21033,1.5,1.5
2015.01.01 22:44:32.964,1.21038,1.21036,1,1
2015.01.01 22:44:33.065,1.21041,1.21036,1,1
2015.01.01 22:44:47.893,1.21043,1.21039,1,1.5
2015.01.01 22:44:48.450,1.21044,1.21039,1.5,1.5
2015.01.01 22:45:07.904,1.21044,1.2104,1.5,1
2015.01.01 22:45:11.997,1.21045,1.2104,2.25,1.5
2015.01.01 22:45:13.812,1.21044,1.2104,1,1
2015.01.01 22:45:13.914,1.21043,1.21038,1,1
2015.01.01 22:45:33.937,1.21042,1.21038,1,1
2015.01.01 22:45:34.475,1.21042,1.21037,2.25,1.5
2015.01.01 22:45:34.778,1.21039,1.21037,1,1
2015.01.01 22:45:34.879,1.21039,1.21034,1.5,1.5
2015.01.01 22:45:35.082,1.21037,1.21034,1,1
2015.01.01 22:45:35.183,1.21037,1.21032,1.5,1.5
2015.01.01 22:46:16.690,1.21037,1.21033,1,1
2015.01.01 22:46:17.226,1.21038,1.21033,1,1
2015.01.01 22:46:43.344,1.21036,1.21031,1.5,1.5
2015.01.01 22:47:23.969,1.21035,1.21031,1,1
2015.01.01 22:47:24.488,1.21035,1.2103,1.5,1.5
2015.01.01 22:47:48.236,1.21027,1.21025,1,2.92
2015.01.01 22:47:48.338,1.21025,1.21022,1,1
2015.01.01 22:47:48.891,1.21025,1.21021,1,1
2015.01.01 22:47:55.213,1.21025,1.21022,1,1
2015.01.01 22:47:55.264,1.21027,1.21022,1.5,1.5
2015.01.01 22:48:16.029,1.21027,1.21023,1,1
2015.01.01 22:48:16.638,1.21028,1.21023,1.87,1.5
2015.01.01 22:48:46.843,1.21031,1.21023,1.5,3.22
2015.01.01 22:48:46.894,1.2103,1.21026,1.5,1
2015.01.01 22:48:48.297,1.21028,1.21026,1,1
2015.01.01 22:48:48.500,1.21028,1.21023,1,1.5
2015.01.01 22:49:48.302,1.2103,1.21022,1.5,1
2015.01.01 22:49:50.079,1.21029,1.21024,1.5,1.5
2015.01.01 22:50:31.995,1.21028,1.21024,1,1
2015.01.01 22:50:32.662,1.21028,1.21023,1.5,2.25
2015.01.01 22:51:32.171,1.2103,1.21023,1.5,1
2015.01.01 22:51:35.434,1.2103,1.21022,1.5,1
2015.01.01 22:51:50.208,1.2103,1.21023,1.5,1
2015.01.01 22:51:50.891,1.21027,1.2102,1.87,1
2015.01.01 22:51:51.194,1.21018,1.21014,1.5,1
2015.01.01 22:51:52.572,1.21018,1.21013,1.5,1.5
2015.01.01 22:51:54.145,1.21012,1.21011,1.5,1
2015.01.01 22:51:54.196,1.21012,1.21007,1.5,2.25
2015.01.01 22:51:54.248,1.21009,1.21007,1.5,1
2015.01.01 22:51:54.298,1.21009,1.21005,1.5,1.5
2015.01.01 22:51:54.551,1.2101,1.21003,1.87,1.5
2015.01.01 22:51:57.225,1.2101,1.21004,1.37,1
2015.01.01 22:51:57.276,1.21011,1.21004,1.5,1
2015.01.01 22:52:14.957,1.21012,1.21004,2.17,1
2015.01.01 22:52:18.033,1.21012,1.21005,2.17,1
2015.01.01 22:52:36.004,1.21011,1.21005,1.5,1
2015.01.01 22:52:41.620,1.21011,1.21006,1.5,1
2015.01.01 22:53:09.415,1.21012,1.21009,1.42,1
2015.01.01 22:53:09.720,1.2102,1.21017,1,1
2015.01.01 22:53:09.771,1.21022,1.21017,1.5,1
2015.01.01 22:53:15.686,1.21022,1.21018,1.5,1
2015.01.01 22:53:15.737,1.21024,1.21018,1.5,1
2015.01.01 22:53:25.966,1.21024,1.2102,1,1
2015.01.01 22:53:26.068,1.21026,1.2102,2.25,1
2015.01.01 22:53:45.304,1.21026,1.21021,1,1
2015.01.01 22:53:45.810,1.21026,1.21022,1,1
2015.01.01 22:53:46.315,1.21026,1.21023,1,1
2015.01.01 22:53:46.831,1.21028,1.21023,1.5,1
2015.01.01 22:53:57.859,1.21027,1.21023,1,1
2015.01.01 22:54:11.993,1.21028,1.21023,1,1
2015.01.01 22:54:12.502,1.21028,1.21022,1,1.5
2015.01.01 22:54:17.176,1.21031,1.21022,3.75,1.5
2015.01.01 22:54:27.019,1.2103,1.21022,1,1
2015.01.01 22:54:29.089,1.21029,1.21022,1,1
2015.01.01 22:54:30.256,1.2103,1.21022,3,1
2015.01.01 22:54:43.075,1.21028,1.2102,1.37,2.25
2015.01.01 22:54:43.277,1.21023,1.21018,1.12,1
2015.01.01 22:54:43.530,1.21027,1.21019,1.5,1.42
2015.01.01 22:54:43.581,1.21027,1.21024,1,1
2015.01.01 22:54:44.137,1.21029,1.21024,1,1
2015.01.01 22:54:49.035,1.21028,1.21024,1,1
2015.01.01 22:54:49.086,1.21025,1.21023,1.37,1
2015.01.01 22:54:49.238,1.21023,1.21017,1,2.25
2015.01.01 22:54:49.441,1.21023,1.2102,1,1
2015.01.01 22:54:49.543,1.21028,1.21024,2.25,1
2015.01.01 22:54:53.921,1.21028,1.21025,1.5,1
2015.01.01 22:54:54.953,1.21028,1.21024,1.5,1
2015.01.01 22:54:56.581,1.21028,1.21023,3.37,1.5
2015.01.01 22:54:56.784,1.21022,1.21018,1.5,1
2015.01.01 22:55:00.562,1.21022,1.21019,1.5,1
2015.01.01 22:55:00.613,1.21026,1.21022,1.75,1
2015.01.01 22:55:00.664,1.21027,1.21025,1,1
2015.01.01 22:55:01.171,1.21025,1.21022,1,1
2015.01.01 22:55:01.222,1.21025,1.21023,1.5,1
2015.01.01 22:55:01.796,1.21025,1.21022,1.5,1
2015.01.01 22:55:04.725,1.21027,1.21022,1,1.5
2015.01.01 22:55:06.057,1.21027,1.21024,1,1
2015.01.01 22:55:13.275,1.21027,1.21023,1,1
2015.01.01 22:55:16.575,1.21027,1.21024,1,1
2015.01.01 22:55:26.501,1.21027,1.21022,1.5,1.5
2015.01.01 22:55:26.552,1.21024,1.21022,1.5,1
2015.01.01 22:55:51.004,1.21025,1.21023,1.5,1
2015.01.01 22:55:51.109,1.21036,1.21031,1.5,1.5
2015.01.01 22:55:51.160,1.21034,1.21033,1,1
2015.01.01 22:55:51.313,1.21032,1.21029,1.5,1
2015.01.01 22:55:51.566,1.21034,1.21032,1,1
2015.01.01 22:55:51.617,1.21034,1.21032,1,1
2015.01.01 22:55:51.820,1.21033,1.21031,1.5,1
2015.01.01 22:55:52.022,1.21035,1.21031,1,1
2015.01.01 22:55:52.227,1.21033,1.2103,2.25,1
2015.01.01 22:55:52.480,1.21033,1.21031,1.5,1
2015.01.01 22:55:52.733,1.21036,1.21033,2.25,1
2015.01.01 22:55:52.835,1.21033,1.21032,1,1
2015.01.01 22:55:52.886,1.21033,1.2103,1.5,1
2015.01.01 22:55:52.987,1.21033,1.21032,1.5,1
2015.01.01 22:55:53.492,1.21034,1.21032,1,1
2015.01.01 22:55:54.732,1.21033,1.21032,1,1
2015.01.01 22:55:57.965,1.21033,1.21031,1,1
2015.01.01 22:55:58.269,1.21029,1.21027,1.5,1
2015.01.01 22:56:10.741,1.21029,1.21028,1.5,1
2015.01.01 22:56:31.854,1.21032,1.2103,1,1
2015.01.01 22:56:31.955,1.21032,1.2103,1,1
2015.01.01 22:56:32.057,1.21033,1.21031,1.5,1
2015.01.01 22:56:32.574,1.21033,1.21031,2.25,1
2015.01.01 22:56:42.250,1.21034,1.2103,2.25,1
2015.01.01 22:56:42.766,1.21033,1.2103,1,1
2015.01.01 22:56:51.600,1.21034,1.21031,2.25,1
2015.01.01 22:56:52.141,1.21033,1.2103,1,1
2015.01.01 22:56:52.835,1.21034,1.21031,2.25,1
2015.01.01 22:56:55.047,1.21034,1.21032,1,1
2015.01.01 22:56:55.098,1.21036,1.21032,1.5,1
2015.01.01 22:57:02.983,1.21038,1.21032,1,1
2015.01.01 22:57:03.490,1.21038,1.21033,1,1
2015.01.01 22:57:05.714,1.21036,1.21033,1,1
2015.01.01 22:57:06.367,1.21035,1.21032,1,1
2015.01.01 22:57:12.443,1.21035,1.21027,2.17,2.25
2015.01.01 22:57:12.494,1.2103,1.21026,2.25,1
2015.01.01 22:57:12.746,1.21025,1.21023,1,1
2015.01.01 22:57:13.303,1.2103,1.21025,2.25,1
2015.01.01 22:57:33.115,1.21025,1.21024,1,1
2015.01.01 22:57:36.814,1.21029,1.21027,1,1
2015.01.01 22:57:37.018,1.21031,1.21027,1,1
2015.01.01 22:57:37.069,1.21031,1.21029,1,1
2015.01.01 22:57:37.625,1.21034,1.2103,2.25,1
2015.01.01 22:57:56.543,1.21034,1.21031,2.25,1
2015.01.01 22:58:00.312,1.2103,1.21027,1,1
2015.01.01 22:58:00.364,1.21028,1.21027,1,1
2015.01.01 22:58:00.516,1.21025,1.21023,1,1.5
2015.01.01 22:58:00.618,1.21024,1.2102,1.5,1.5
2015.01.01 22:58:01.165,1.21025,1.2102,1.5,1
2015.01.01 22:58:10.464,1.21025,1.21019,1.5,1
2015.01.01 22:58:11.099,1.21025,1.21019,1.5,1.37
2015.01.01 22:58:11.605,1.21024,1.21019,1,1.87
2015.01.01 22:58:12.645,1.21024,1.21018,1.5,4.42
2015.01.01 22:58:13.220,1.21024,1.21019,1.5,1.87
2015.01.01 22:58:13.740,1.21024,1.21019,1.5,1.87
2015.01.01 22:58:16.819,1.21024,1.21019,1,1.5
2015.01.01 22:58:17.370,1.21025,1.21019,1.5,1.87
2015.01.01 22:58:20.771,1.21025,1.21019,1.5,1.87
2015.01.01 22:58:21.306,1.21025,1.21019,1.5,1.87
2015.01.01 22:58:21.991,1.21025,1.21019,1.5,1.87
2015.01.01 22:58:23.480,1.21025,1.21019,1.5,1.37
2015.01.01 22:58:25.011,1.21025,1.21022,1.5,1
2015.01.01 22:58:25.213,1.21026,1.21019,1,1.37
2015.01.01 22:58:25.718,1.21025,1.21019,1,1
2015.01.01 22:58:26.267,1.21026,1.21019,1,1
2015.01.01 22:58:26.783,1.21025,1.21018,1,1.67
2015.01.01 22:58:30.323,1.21025,1.21014,1,3.3
2015.01.01 22:58:31.962,1.21026,1.21014,1,3.15
2015.01.01 22:58:32.480,1.21026,1.21015,1,1.12
2015.01.01 22:58:34.493,1.21026,1.21014,1,2.4
2015.01.01 22:58:35.173,1.21026,1.21015,1,1.12
2015.01.01 22:58:35.853,1.21026,1.21014,1,2.4
2015.01.01 22:58:36.385,1.21026,1.21015,1,1.12
2015.01.01 22:58:36.436,1.21026,1.21017,1,1
2015.01.01 22:58:36.941,1.21025,1.21017,1,1.27
2015.01.01 22:58:41.843,1.21025,1.2102,1,1
2015.01.01 22:59:00.870,1.21025,1.21021,1,1
2015.01.01 22:59:02.946,1.21025,1.2102,1,1.12
2015.01.01 22:59:03.048,1.21026,1.21016,1,1
2015.01.01 22:59:03.920,1.21025,1.21016,1,1
2015.01.01 22:59:25.300,1.21025,1.21015,1,1.12
2015.01.01 22:59:37.162,1.21025,1.21015,2.25,1.72
2015.01.01 22:59:47.324,1.21025,1.21015,1.5,1.12
2015.01.01 22:59:56.520,1.21025,1.21014,1.5,3.52
2015.01.01 22:59:57.219,1.21025,1.21014,1.5,3.52
2015.01.01 22:59:57.753,1.21024,1.21014,1.5,1.5
2015.01.01 22:59:58.791,1.21024,1.21014,1.5,1.37
2015.01.01 22:59:59.300,1.21024,1.21014,1.5,1
2015.01.01 23:00:00.155,1.21024,1.21015,1,1
2015.01.01 23:00:00.932,1.21024,1.21017,2.25,1
2015.01.01 23:00:01.449,1.21023,1.21017,1.5,1
2015.01.01 23:00:01.962,1.21023,1.21016,1,1
2015.01.01 23:00:02.500,1.21023,1.21017,1,1
2015.01.01 23:00:03.331,1.21023,1.21017,1,1.28
2015.01.01 23:00:04.579,1.21024,1.21017,3,1.28
2015.01.01 23:00:05.076,1.21024,1.2102,1,1.2
2015.01.01 23:00:06.081,1.21023,1.2102,1,1.2
2015.01.01 23:00:08.101,1.21022,1.21019,1,1.56
2015.01.01 23:00:08.202,1.21022,1.21016,1,1.22
2015.01.01 23:00:08.723,1.21023,1.21016,1,1.22
2015.01.01 23:00:09.294,1.21022,1.21016,1,1.22
2015.01.01 23:00:11.252,1.21022,1.21016,1,1.04
2015.01.01 23:00:12.143,1.21022,1.21017,1,1.43
2015.01.01 23:00:12.449,1.21022,1.21016,1,1.04
2015.01.01 23:00:13.784,1.21021,1.21014,1,1.6
2015.01.01 23:00:15.214,1.21022,1.21015,1,1.28
2015.01.01 23:00:17.752,1.21021,1.21015,1,1.35
2015.01.01 23:00:18.380,1.21022,1.21015,1,1.28
2015.01.01 23:00:19.733,1.21025,1.21014,1,1.22
2015.01.01 23:00:19.834,1.21025,1.21014,1,1
2015.01.01 23:00:20.381,1.21025,1.21014,1,1.37
2015.01.01 23:00:21.781,1.21025,1.21014,1,1.12
2015.01.01 23:00:22.332,1.21025,1.21014,1,1.37
2015.01.01 23:00:22.853,1.21025,1.21013,1,1.87
2015.01.01 23:00:23.005,1.21025,1.21011,3.75,1.04
2015.01.01 23:00:23.056,1.21021,1.21008,1,1.35
2015.01.01 23:00:23.511,1.21025,1.21008,1.5,1.22
2015.01.01 23:00:23.613,1.21023,1.2101,1,1.28
2015.01.01 23:00:24.906,1.21021,1.21011,1,1.04
2015.01.01 23:00:25.394,1.2102,1.21011,1.56,1.04
2015.01.01 23:00:29.215,1.2102,1.21011,1,3.42
2015.01.01 23:00:29.266,1.21023,1.21011,1,3.42
2015.01.01 23:00:29.418,1.2102,1.21012,1,1.06
2015.01.01 23:00:29.777,1.2102,1.21012,1.52,1.06
2015.01.01 23:00:30.506,1.21023,1.21012,1,1.06
2015.01.01 23:00:30.557,1.21025,1.21012,1,1.06
2015.01.01 23:00:31.126,1.21026,1.21012,1,1.54
2015.01.01 23:00:31.429,1.21024,1.21012,1,1
2015.01.01 23:00:31.981,1.21024,1.21011,1,1
2015.01.01 23:00:32.530,1.21024,1.21012,1,1
2015.01.01 23:00:33.176,1.21024,1.21008,1,2.77
2015.01.01 23:00:33.334,1.21022,1.21009,1,1.52
2015.01.01 23:00:33.850,1.21023,1.21009,1,2.06
2015.01.01 23:00:34.285,1.21023,1.21013,1,1.37
2015.01.01 23:00:34.588,1.21021,1.21013,1,1
2015.01.01 23:00:34.689,1.21021,1.21018,1,0.37
2015.01.01 23:00:34.790,1.2102,1.21012,1.5,1.5
2015.01.01 23:00:34.891,1.2102,1.2101,1.5,1.31
2015.01.01 23:00:35.877,1.21019,1.21009,1,2.06
2015.01.01 23:00:36.170,1.21019,1.21013,1,1
2015.01.01 23:00:36.373,1.2102,1.2101,1,1.12
2015.01.01 23:00:36.906,1.21019,1.2101,1,1.12
2015.01.01 23:00:38.903,1.21019,1.21011,1,1
2015.01.01 23:00:39.935,1.21018,1.21011,1,1
2015.01.01 23:00:40.677,1.21019,1.21011,1,1
2015.01.01 23:00:41.376,1.21018,1.21011,1,1
2015.01.01 23:00:41.992,1.21019,1.21011,1,1
2015.01.01 23:00:42.559,1.21018,1.21011,1,1
2015.01.01 23:00:43.063,1.21019,1.21011,1,1
2015.01.01 23:00:43.634,1.21018,1.21011,1,1
2015.01.01 23:00:44.249,1.21018,1.2101,1,1.87
2015.01.01 23:00:45.539,1.21018,1.21008,1,1.03
2015.01.01 23:00:46.043,1.21018,1.21008,1,1.37
2015.01.01 23:00:48.006,1.21017,1.21008,1,1.52
2015.01.01 23:00:48.517,1.21017,1.21007,1,1.57
2015.01.01 23:00:51.893,1.21017,1.21007,1.5,1
2015.01.01 23:00:52.095,1.21016,1.21005,1,1.06
2015.01.01 23:00:56.846,1.21013,1.21005,1,1.54
2015.01.01 23:01:08.165,1.21014,1.21005,1,1.17
2015.01.01 23:01:08.757,1.21015,1.21006,1,1
2015.01.01 23:01:10.771,1.21015,1.21005,1,3.79
2015.01.01 23:01:11.366,1.21015,1.21006,1,1
2015.01.01 23:01:13.799,1.21014,1.21006,1,1.5
2015.01.01 23:01:15.324,1.21014,1.21007,1,1
2015.01.01 23:01:15.374,1.21016,1.21007,2.02,1
2015.01.01 23:01:15.475,1.21016,1.21007,1.27,1.22
2015.01.01 23:01:25.958,1.21016,1.21008,1.27,1.52
2015.01.01 23:01:35.567,1.21014,1.21008,1,1.52
2015.01.01 23:01:36.231,1.21013,1.21008,1,1.52
2015.01.01 23:01:37.717,1.21014,1.21008,1.5,1.52
2015.01.01 23:01:38.202,1.21011,1.21006,1,1.95
2015.01.01 23:01:38.305,1.21013,1.21006,1.5,1.95
2015.01.01 23:01:44.449,1.21014,1.21006,1.5,1.45
2015.01.01 23:01:55.933,1.21013,1.21008,1,1.52
2015.01.01 23:01:56.481,1.21014,1.21008,1.5,1.52
2015.01.01 23:01:58.391,1.21015,1.21008,1,1.52
2015.01.01 23:02:04.838,1.21014,1.21008,1,1.52
2015.01.01 23:02:05.228,1.21017,1.2101,1.5,1.42
2015.01.01 23:02:05.330,1.2102,1.2101,1,2.17
2015.01.01 23:02:05.834,1.21021,1.2101,1,1.22
2015.01.01 23:02:21.167,1.21021,1.2101,1,3.67
2015.01.01 23:02:33.647,1.21022,1.21011,1,1.04
2015.01.01 23:02:35.768,1.21021,1.21011,1,1.04
2015.01.01 23:02:36.555,1.21021,1.21011,1,1
2015.01.01 23:02:42.292,1.21022,1.21011,1.5,1
2015.01.01 23:03:20.694,1.21021,1.21009,1,1.99
2015.01.01 23:03:20.795,1.21021,1.21009,1,2.92
2015.01.01 23:03:41.954,1.2102,1.21007,1,1.9
2015.01.01 23:03:42.465,1.21019,1.21007,1.5,1.9
2015.01.01 23:03:42.873,1.21017,1.21006,1.37,1.95
2015.01.01 23:03:43.675,1.21017,1.21007,1.52,1.22
2015.01.01 23:03:51.215,1.21013,1.21009,1,1.28
2015.01.01 23:03:51.518,1.21015,1.21001,1,5.77
2015.01.01 23:03:51.619,1.21014,1.21001,1,5.77
2015.01.01 23:03:54.676,1.21012,1.21005,1,1.45
2015.01.01 23:03:54.927,1.21012,1.21004,1,3.45
2015.01.01 23:03:54.978,1.21014,1.21005,1,1.45
2015.01.01 23:03:56.519,1.21015,1.21003,1.5,3.82
2015.01.01 23:04:09.045,1.21015,1.21005,1.5,1.22
2015.01.01 23:04:14.951,1.21016,1.21005,1.27,4.35
2015.01.01 23:04:15.277,1.21012,1.21005,1,4.35
2015.01.01 23:04:15.379,1.21016,1.21005,1.5,4.35
2015.01.01 23:04:23.847,1.21014,1.21006,1,4.35
2015.01.01 23:04:24.049,1.21016,1.21006,4.5,4.35
2015.01.01 23:04:24.886,1.21016,1.21006,3.75,3.6
2015.01.01 23:04:25.240,1.2101,1.21004,1.56,3.42
2015.01.01 23:04:25.391,1.21016,1.21007,3,3.37
2015.01.01 23:04:25.442,1.21016,1.21007,3,3.6
2015.01.01 23:04:25.745,1.21015,1.21007,1,3.6
2015.01.01 23:04:26.073,1.21016,1.21007,3,4.35
2015.01.01 23:04:38.894,1.21015,1.21007,1,4.35
2015.01.01 23:04:39.096,1.21016,1.21006,5.85,3.6
2015.01.01 23:04:39.298,1.21014,1.21006,1,3.6
2015.01.01 23:04:39.450,1.21016,1.21006,3,3.6
2015.01.01 23:04:55.381,1.21016,1.2101,3,3.6
2015.01.01 23:04:59.430,1.21016,1.21007,1.72,5.13
2015.01.01 23:05:03.128,1.21017,1.21007,1.72,1.72
2015.01.01 23:05:09.875,1.21016,1.21008,1.72,1.28
2015.01.01 23:05:30.035,1.21017,1.21008,1.72,1.28
2015.01.01 23:05:31.061,1.21016,1.21008,1.72,1.28
2015.01.01 23:06:01.559,1.21021,1.21009,1,1.04
2015.01.01 23:06:02.178,1.21022,1.21009,1.5,1.04
2015.01.01 23:06:06.197,1.21022,1.21011,1.5,1
2015.01.01 23:06:06.943,1.21022,1.2101,1,1.06
2015.01.01 23:06:15.436,1.21022,1.21011,1,1.52
2015.01.01 23:06:20.924,1.21022,1.21013,1,1
2015.01.01 23:06:20.975,1.2102,1.21013,1,1
2015.01.01 23:06:21.177,1.2102,1.21011,1,1
2015.01.01 23:06:35.501,1.21018,1.2101,2.06,1.06
2015.01.01 23:06:42.905,1.21019,1.21009,1,1.28
2015.01.01 23:06:43.310,1.21021,1.21007,1,5.1
2015.01.01 23:06:44.251,1.2102,1.2101,1,1.06
2015.01.01 23:06:44.302,1.21017,1.21008,1.52,1.22
2015.01.01 23:06:45.077,1.2102,1.21006,1,5.32
2015.01.01 23:06:47.285,1.21019,1.21008,1,1.22
2015.01.01 23:06:57.487,1.2102,1.21011,1.5,1
2015.01.01 23:06:58.387,1.21018,1.2101,1,1.06
2015.01.01 23:06:58.895,1.21019,1.2101,1,1.06
2015.01.01 23:07:00.171,1.21012,1.21007,1,2.47
2015.01.01 23:07:00.323,1.2101,1.21001,1,2.25
2015.01.01 23:07:02.267,1.2101,1.21002,1.5,1
2015.01.01 23:07:02.776,1.2101,1.21001,2.25,2.25
2015.01.01 23:07:03.294,1.2101,1.21002,2.25,1.5
2015.01.01 23:07:03.547,1.21008,1.21001,1,1
2015.01.01 23:07:03.850,1.21008,1.21003,1,1
2015.01.01 23:07:03.901,1.21011,1.21005,1,1
2015.01.01 23:07:04.003,1.21013,1.21006,1,3.42
2015.01.01 23:07:04.256,1.21017,1.21006,1,3.42
2015.01.01 23:07:04.408,1.21018,1.21008,1,1
2015.01.01 23:07:08.097,1.21018,1.21007,1,2.25
2015.01.01 23:07:08.657,1.21017,1.21007,1,1.5
2015.01.01 23:07:08.981,1.21018,1.21012,1,1
2015.01.01 23:07:09.083,1.2102,1.21013,1,1
2015.01.01 23:07:09.626,1.21021,1.21013,2.25,1
2015.01.01 23:07:09.677,1.21021,1.21011,2.25,1.06
2015.01.01 23:07:09.828,1.21019,1.21011,1,1.06
2015.01.01 23:07:09.879,1.21019,1.21009,1,1
2015.01.01 23:07:09.930,1.21017,1.21007,1,4.12
2015.01.01 23:07:11.282,1.21017,1.21006,1,3.79
2015.01.01 23:07:13.467,1.21015,1.21006,1,1.06
2015.01.01 23:07:13.820,1.21017,1.21007,1,1
2015.01.01 23:07:13.922,1.21019,1.21007,1.5,1
2015.01.01 23:07:14.023,1.21017,1.21008,1,1
2015.01.01 23:07:15.838,1.21017,1.21006,1,1.72
2015.01.01 23:07:16.350,1.21017,1.21008,1,1
2015.01.01 23:07:25.698,1.21016,1.21008,1,1
2015.01.01 23:07:26.208,1.21016,1.21006,1.12,1.28
2015.01.01 23:07:26.944,1.21018,1.21006,1,1.28
2015.01.01 23:07:27.855,1.2102,1.21006,1.87,1.28
2015.01.01 23:07:28.057,1.21018,1.21007,1,1.06
2015.01.01 23:07:28.572,1.21017,1.21007,1,1.06
2015.01.01 23:07:35.852,1.21016,1.21006,1,1.28
2015.01.01 23:07:36.155,1.21014,1.21006,2.25,1
2015.01.01 23:07:36.692,1.21014,1.21005,1,1
2015.01.01 23:07:36.895,1.21019,1.21008,1,1
2015.01.01 23:07:37.483,1.21019,1.21009,1.5,1
2015.01.01 23:07:42.483,1.21018,1.21009,1,1
2015.01.01 23:07:42.584,1.21014,1.21007,1,1.06
2015.01.01 23:07:43.097,1.21014,1.21006,1,1
2015.01.01 23:07:44.687,1.21013,1.21006,1,1
2015.01.01 23:07:46.793,1.21013,1.21005,1,1
2015.01.01 23:07:50.386,1.21014,1.21005,1,1
2015.01.01 23:07:50.690,1.21012,1.21004,1,1
2015.01.01 23:07:51.346,1.21011,1.21003,1,1
2015.01.01 23:07:52.481,1.2101,1.21003,1,1
2015.01.01 23:07:52.987,1.2101,1.21002,1.5,1.5
2015.01.01 23:07:53.501,1.21009,1.21002,1,1.5
2015.01.01 23:07:54.033,1.2101,1.21002,1.5,1.5
2015.01.01 23:07:54.577,1.21009,1.21002,1,1.5
2015.01.01 23:07:56.802,1.21009,1.21006,1,1
2015.01.01 23:07:57.361,1.2101,1.21006,1.5,1
2015.01.01 23:08:03.824,1.21011,1.21006,1.5,1
2015.01.01 23:08:14.704,1.21011,1.21004,2.25,1
2015.01.01 23:08:14.755,1.21008,1.21004,1,1
2015.01.01 23:08:15.519,1.21007,1.21004,1,1
2015.01.01 23:08:16.936,1.21008,1.21005,1,1
2015.01.01 23:08:17.037,1.21012,1.21007,2.25,1
2015.01.01 23:08:18.359,1.21009,1.21004,1,1.5
2015.01.01 23:08:18.663,1.21011,1.21006,1,1
2015.01.01 23:08:29.446,1.21011,1.21007,1,1
2015.01.01 23:08:31.053,1.21011,1.21006,1,1
2015.01.01 23:08:31.695,1.21012,1.21006,1,1
2015.01.01 23:08:32.614,1.21011,1.21006,1,1
2015.01.01 23:08:36.089,1.21012,1.21007,1,1
2015.01.01 23:08:36.392,1.21009,1.21004,1,1
2015.01.01 23:08:36.544,1.21016,1.21008,3.75,1
2015.01.01 23:08:36.595,1.21016,1.21012,3.75,1
2015.01.01 23:08:50.892,1.21016,1.21009,3,1.5
2015.01.01 23:08:51.094,1.21016,1.21007,2.75,1.04
2015.01.01 23:08:51.196,1.21016,1.21007,3,1.04
2015.01.01 23:08:51.623,1.21016,1.21011,3,1
2015.01.01 23:09:00.725,1.21016,1.2101,3,1
2015.01.01 23:09:02.506,1.21016,1.21012,3,1
2015.01.01 23:09:02.828,1.21016,1.2101,3,1
2015.01.01 23:09:11.927,1.21016,1.21011,3,1
2015.01.01 23:09:21.348,1.21016,1.21012,3,1
2015.01.01 23:09:30.054,1.21016,1.21009,3,1
2015.01.01 23:09:30.155,1.21016,1.21005,3,1
2015.01.01 23:09:30.307,1.21014,1.21005,1,1
2015.01.01 23:09:30.703,1.21014,1.21005,1,1.22
2015.01.01 23:09:30.920,1.21014,1.21002,1,1
2015.01.01 23:09:31.706,1.21014,1.21002,1,1.45
2015.01.01 23:09:36.262,1.21015,1.21002,4.12,1.45
2015.01.01 23:09:36.313,1.21015,1.21002,4.12,1
2015.01.01 23:09:36.891,1.21014,1.21004,1,1
2015.01.01 23:09:37.396,1.21015,1.21004,4.87,1
2015.01.01 23:09:37.916,1.21014,1.21004,1,1
2015.01.01 23:09:42.885,1.21014,1.21003,1,1
2015.01.01 23:09:48.792,1.21014,1.21004,1,1
2015.01.01 23:09:49.524,1.21014,1.21003,1,1
2015.01.01 23:09:49.575,1.21016,1.21003,3.75,1
2015.01.01 23:09:49.625,1.21014,1.21004,1,1
2015.01.01 23:09:49.928,1.21016,1.21006,3.75,1.04
2015.01.01 23:09:51.826,1.21016,1.21006,3.75,1
2015.01.01 23:09:51.927,1.21015,1.21003,1,1
2015.01.01 23:09:57.026,1.21014,1.21003,1,1
2015.01.01 23:09:57.372,1.21016,1.21004,1.5,1
2015.01.01 23:09:57.524,1.21016,1.21004,4.5,1.28
2015.01.01 23:09:59.375,1.21015,1.21004,1,1.28
2015.01.01 23:09:59.680,1.21016,1.21007,3,1.04
2015.01.01 23:10:27.788,1.21016,1.21009,4.5,1
2015.01.01 23:10:28.308,1.21016,1.21008,4.5,1
2015.01.01 23:10:29.313,1.21016,1.21007,3.75,1
2015.01.01 23:10:31.877,1.21016,1.21007,4.7,1
2015.01.01 23:10:31.978,1.21016,1.21007,4.5,1
2015.01.01 23:10:32.479,1.21016,1.21007,3.75,1.04
2015.01.01 23:10:36.823,1.21016,1.21009,3.75,1
2015.01.01 23:10:36.926,1.21016,1.21011,3.75,1.06
2015.01.01 23:10:40.082,1.21015,1.21011,1,1.06
2015.01.01 23:10:40.588,1.21015,1.2101,1.5,1
2015.01.01 23:10:42.010,1.21014,1.2101,1,1
2015.01.01 23:10:46.232,1.21011,1.21008,1,1
2015.01.01 23:10:46.333,1.21011,1.21006,1,1
2015.01.01 23:10:46.636,1.2101,1.21004,1,1
2015.01.01 23:10:47.644,1.2101,1.21002,5.62,1
2015.01.01 23:10:47.904,1.21007,1.20998,2.4,1
2015.01.01 23:10:51.073,1.21007,1.20998,1.27,1
2015.01.01 23:10:53.080,1.21007,1.20998,1.52,1
2015.01.01 23:10:55.039,1.21007,1.20997,1.52,1
2015.01.01 23:10:59.254,1.21006,1.20998,1.27,1
2015.01.01 23:11:02.681,1.21006,1.20996,1.27,1
2015.01.01 23:11:03.901,1.21005,1.20996,1,1
2015.01.01 23:11:06.077,1.21005,1.20997,1.5,1
2015.01.01 23:11:08.874,1.21005,1.20995,1.5,1
2015.01.01 23:11:22.957,1.21005,1.20996,1,2.25
2015.01.01 23:11:23.007,1.21009,1.21002,2.77,1
2015.01.01 23:11:23.361,1.21009,1.21004,2.02,1
2015.01.01 23:12:05.982,1.21009,1.21002,2.02,1.5
2015.01.01 23:12:11.869,1.21008,1.21004,1.52,1
2015.01.01 23:12:16.192,1.2101,1.21005,1.52,1
2015.01.01 23:12:18.069,1.2101,1.21004,1.52,1
2015.01.01 23:12:41.725,1.21009,1.21003,2.02,1.5
2015.01.01 23:12:42.460,1.21009,1.21002,2.02,2.25
2015.01.01 23:12:45.199,1.21009,1.21004,1.52,1
2015.01.01 23:12:45.759,1.21008,1.21005,1.52,1
2015.01.01 23:12:47.298,1.21008,1.21004,1.52,1.5
2015.01.01 23:12:47.813,1.21008,1.21005,1.52,1
2015.01.01 23:12:49.263,1.21008,1.21004,1.52,1.5
2015.01.01 23:12:50.039,1.21008,1.21007,1,1
2015.01.01 23:12:50.090,1.21012,1.21007,1.19,1
2015.01.01 23:12:53.921,1.21013,1.21006,1.69,1
2015.01.01 23:12:55.670,1.21013,1.21005,2.44,1
2015.01.01 23:12:55.721,1.21013,1.21005,2.62,1
2015.01.01 23:12:58.070,1.21013,1.21005,3.94,1
2015.01.01 23:12:58.615,1.21013,1.21006,1.69,1
2015.01.01 23:12:59.340,1.21013,1.21004,2.44,1.5
2015.01.01 23:13:16.037,1.21011,1.21003,1.19,1.5
2015.01.01 23:13:19.733,1.21011,1.21001,2.44,1.5
2015.01.01 23:13:19.843,1.21011,1.21003,1.69,1
2015.01.01 23:13:22.103,1.21006,1.21003,1,1
2015.01.01 23:13:22.306,1.21007,1.20999,1.52,1.5
2015.01.01 23:13:22.457,1.21005,1.20993,1,1.5
2015.01.01 23:13:22.559,1.21005,1.20991,1,1.5
2015.01.01 23:13:23.064,1.21006,1.20991,3.52,1.5
2015.01.01 23:13:24.190,1.21005,1.20991,1,4.87
2015.01.01 23:13:26.557,1.21005,1.20992,1,1
2015.01.01 23:13:27.322,1.21005,1.21,1,1
2015.01.01 23:13:27.626,1.21009,1.21004,1.52,1
2015.01.01 23:13:29.491,1.21005,1.21004,1,1
2015.01.01 23:13:29.745,1.20998,1.20991,1.12,1
2015.01.01 23:13:29.896,1.21001,1.2099,1,4.72
2015.01.01 23:13:29.998,1.21005,1.20992,1.5,1
2015.01.01 23:13:32.203,1.21005,1.20993,1.5,4.12
2015.01.01 23:13:32.254,1.21008,1.20993,2.25,5.62
2015.01.01 23:13:32.608,1.21006,1.20993,1,1.5
2015.01.01 23:13:32.912,1.21004,1.20994,2.25,1
2015.01.01 23:13:33.216,1.21,1.20986,2.06,3
2015.01.01 23:13:33.673,1.20995,1.20983,3.37,1
2015.01.01 23:13:33.825,1.20996,1.20985,1.31,1
2015.01.01 23:13:34.078,1.21,1.20988,1.5,1
2015.01.01 23:13:35.176,1.21,1.20989,1.5,1
2015.01.01 23:13:35.277,1.21002,1.20989,1,1
2015.01.01 23:13:39.306,1.21,1.20989,1.5,1
2015.01.01 23:13:39.510,1.20997,1.20985,3.37,1.5
2015.01.01 23:13:40.032,1.20997,1.20984,3.37,1
2015.01.01 23:13:41.480,1.20998,1.20984,1,1
2015.01.01 23:13:42.114,1.20997,1.20983,1.52,2.25
2015.01.01 23:13:46.188,1.20997,1.20983,1.27,1
2015.01.01 23:13:46.793,1.20997,1.20983,1.56,1
2015.01.01 23:13:56.193,1.20997,1.20983,2.06,1
2015.01.01 23:13:56.718,1.20997,1.20983,2.06,1
2015.01.01 23:14:00.123,1.20997,1.20982,2.81,1
2015.01.01 23:14:00.679,1.20997,1.20982,2.81,1
2015.01.01 23:14:02.463,1.20995,1.20982,1,1.5
2015.01.01 23:14:10.466,1.20996,1.20988,2.25,1.37
2015.01.01 23:14:10.618,1.21,1.20988,1.5,5.62
2015.01.01 23:14:10.669,1.21,1.20993,1.5,1.5
2015.01.01 23:14:10.821,1.21006,1.20998,4.5,3
2015.01.01 23:14:11.162,1.21006,1.21,3,1
2015.01.01 23:14:11.679,1.21006,1.20999,3,1
2015.01.01 23:14:13.292,1.21006,1.20998,3,1.54
2015.01.01 23:14:13.545,1.21003,1.20992,1.5,1
2015.01.01 23:14:14.051,1.21003,1.20989,1.5,1.22
2015.01.01 23:14:14.365,1.21003,1.20994,1.5,2.25
2015.01.01 23:14:14.669,1.21006,1.21,3,1.87
2015.01.01 23:14:28.743,1.21009,1.21001,1.5,1.37
2015.01.01 23:14:28.996,1.2101,1.21004,1,1
2015.01.01 23:14:29.522,1.2101,1.21002,1,1.35
2015.01.01 23:14:40.616,1.2101,1.21002,2.02,1.35
2015.01.01 23:14:43.741,1.21007,1.21002,1.52,1.12
2015.01.01 23:14:44.146,1.21009,1.21002,1.5,1.35
2015.01.01 23:14:44.298,1.21012,1.21002,1.5,1.35
2015.01.01 23:15:03.788,1.21011,1.21002,1,1.35
2015.01.01 23:15:03.839,1.21011,1.21002,1.37,1.35
2015.01.01 23:15:04.344,1.21007,1.21,2.62,2.1
2015.01.01 23:15:14.169,1.21007,1.21,2.62,1.87
2015.01.01 23:15:14.422,1.21006,1.20998,7.5,1.54
2015.01.01 23:15:19.806,1.21006,1.20999,6,1
2015.01.01 23:15:20.794,1.21006,1.20998,6.75,1.5
2015.01.01 23:15:24.647,1.21006,1.20999,6,1
2015.01.01 23:15:35.955,1.21005,1.20999,1,1
2015.01.01 23:15:36.006,1.21002,1.20998,1,1.5
2015.01.01 23:15:36.108,1.20999,1.20991,1.56,1.5
2015.01.01 23:15:36.159,1.20997,1.20986,1.56,1
2015.01.01 23:15:36.732,1.20995,1.20982,1.5,1.22
2015.01.01 23:15:57.038,1.20996,1.20983,2.06,1.22
2015.01.01 23:16:06.128,1.20996,1.20983,2.06,1.95
2015.01.01 23:16:37.388,1.20996,1.20983,2.06,1.5
2015.01.01 23:16:37.489,1.20996,1.20983,2.06,1.72
2015.01.01 23:16:37.591,1.20996,1.20983,2.06,1.72
2015.01.01 23:16:40.309,1.20995,1.20984,1,1.04
2015.01.01 23:16:40.812,1.20994,1.20985,1,1
2015.01.01 23:16:52.542,1.20993,1.20985,1,1
2015.01.01 23:16:52.643,1.20995,1.20985,1.5,1
2015.01.01 23:16:53.155,1.20994,1.20985,1,1
2015.01.01 23:16:59.881,1.20994,1.20986,1,1
2015.01.01 23:17:00.235,1.20996,1.20986,6,1.5
2015.01.01 23:17:01.969,1.20996,1.20986,5.25,1
2015.01.01 23:17:02.070,1.21,1.20998,1,1
2015.01.01 23:17:02.173,1.21006,1.20999,7.5,1.54
2015.01.01 23:17:04.174,1.21006,1.21,7.5,1
2015.01.01 23:17:04.742,1.21006,1.21,8.25,1
2015.01.01 23:17:04.845,1.20998,1.20995,1.12,1.28
2015.01.01 23:17:04.997,1.20997,1.20988,1.27,2.25
2015.01.01 23:17:05.824,1.20997,1.20986,1,3.75
2015.01.01 23:17:05.976,1.20997,1.20988,1,1
2015.01.01 23:17:07.476,1.21,1.20988,3.75,1.5
2015.01.01 23:17:07.678,1.21003,1.20989,3,1.5
2015.01.01 23:17:17.670,1.21003,1.20998,2.25,1
2015.01.01 23:17:17.771,1.21005,1.20998,1.5,1
2015.01.01 23:17:18.276,1.21006,1.20999,6.75,1
2015.01.01 23:17:18.803,1.21006,1.21,6.75,1
2015.01.01 23:17:20.038,1.21006,1.20999,6.75,1
2015.01.01 23:17:20.664,1.21006,1.21,6.75,1
2015.01.01 23:17:22.721,1.21005,1.20998,1,1
2015.01.01 23:17:22.823,1.21005,1.20995,1,1.5
2015.01.01 23:17:23.025,1.21004,1.20993,1,1
2015.01.01 23:17:23.864,1.21004,1.20995,1,2.25
2015.01.01 23:17:24.168,1.21006,1.21,6.75,3
2015.01.01 23:17:24.837,1.21006,1.21,6,3.22
2015.01.01 23:17:26.336,1.21007,1.21,6.75,3.22
2015.01.01 23:17:26.977,1.21007,1.21,6,1.5
2015.01.01 23:17:31.591,1.21006,1.21,8.25,2.25
2015.01.01 23:18:09.018,1.21007,1.21,9,2.25
2015.01.01 23:18:09.638,1.21006,1.21,8.25,2.25
2015.01.01 23:18:11.762,1.21006,1.21,8.7,2.25
2015.01.01 23:18:12.569,1.21006,1.21,8.7,1
2015.01.01 23:18:13.318,1.21006,1.21,8.7,1
2015.01.01 23:18:13.671,1.21006,1.21002,8.7,1
2015.01.01 23:18:14.077,1.21007,1.21001,6,1.06
2015.01.01 23:18:14.984,1.21007,1.21003,5.25,1
2015.01.01 23:18:15.035,1.21009,1.21003,1,1
2015.01.01 23:18:15.086,1.21011,1.21003,1,1
2015.01.01 23:18:23.904,1.21011,1.21001,1,3
2015.01.01 23:18:24.476,1.21011,1.21002,1,1
2015.01.01 23:18:45.459,1.2101,1.21002,1,1
2015.01.01 23:18:46.985,1.21011,1.21002,1.5,1
2015.01.01 23:18:47.539,1.2101,1.21002,1,1
2015.01.01 23:18:48.146,1.21011,1.21002,1.5,1
2015.01.01 23:18:48.695,1.2101,1.21002,1,1
2015.01.01 23:18:50.312,1.21011,1.21002,1.5,1
2015.01.01 23:18:50.900,1.2101,1.21002,1,1
2015.01.01 23:18:53.252,1.21011,1.21002,1.5,1
2015.01.01 23:18:53.807,1.2101,1.21002,1,1
2015.01.01 23:18:54.373,1.21011,1.21002,1,1
2015.01.01 23:18:54.882,1.21011,1.21003,1,1
2015.01.01 23:18:58.051,1.21012,1.21003,1.5,1
2015.01.01 23:18:59.829,1.21011,1.21003,1,1
2015.01.01 23:19:00.493,1.21012,1.21003,1,1
2015.01.01 23:19:01.762,1.21011,1.21003,1,1
2015.01.01 23:19:03.982,1.21012,1.21003,1.5,1
2015.01.01 23:19:07.847,1.21011,1.21003,1,1
2015.01.01 23:19:08.376,1.21012,1.21003,1.5,1
2015.01.01 23:19:09.837,1.21011,1.21003,1,1
2015.01.01 23:19:10.359,1.21012,1.21003,1.5,1
2015.01.01 23:19:11.820,1.21011,1.21003,1,1
2015.01.01 23:19:12.377,1.21012,1.21003,1.5,1
2015.01.01 23:19:13.882,1.21011,1.21003,1,1
2015.01.01 23:19:17.292,1.2101,1.21003,1,1
2015.01.01 23:19:17.344,1.21009,1.21001,1,1.54
2015.01.01 23:19:17.395,1.21007,1.21001,1,1.06
2015.01.01 23:19:17.698,1.21007,1.21001,1.94,1
2015.01.01 23:19:18.928,1.21006,1.21001,1.69,1
2015.01.01 23:19:19.485,1.21005,1.21001,1.12,1
2015.01.01 23:19:23.976,1.21006,1.21001,1.27,1
2015.01.01 23:19:24.594,1.21005,1.21001,1,1
2015.01.01 23:19:26.013,1.21007,1.21001,1.52,1
2015.01.01 23:19:26.065,1.21009,1.21001,1,1
2015.01.01 23:19:26.730,1.2101,1.21001,1.5,1.06
2015.01.01 23:19:36.960,1.2101,1.21001,1.37,1.06
2015.01.01 23:19:37.264,1.21005,1.21001,1,1.06
2015.01.01 23:19:38.378,1.21009,1.21001,1.37,1.06
2015.01.01 23:19:38.894,1.21006,1.21001,1.05,1.06
2015.01.01 23:19:42.957,1.2101,1.21001,1,1.06
2015.01.01 23:19:43.463,1.21011,1.21001,1,2.29
2015.01.01 23:19:44.068,1.21011,1.21001,2.17,1.06
2015.01.01 23:19:44.633,1.21011,1.21002,2.17,1
2015.01.01 23:19:45.904,1.21012,1.21002,3.67,1
2015.01.01 23:19:46.483,1.21012,1.21002,3.67,1
2015.01.01 23:19:47.803,1.21012,1.21002,2.17,1
2015.01.01 23:19:48.711,1.21012,1.21002,2.17,1
2015.01.01 23:19:52.285,1.21007,1.21002,1,1
2015.01.01 23:19:52.588,1.21006,1.21002,1.2,1
2015.01.01 23:19:53.412,1.21006,1.21002,1.2,1
2015.01.01 23:19:53.935,1.21006,1.21002,1.2,1
2015.01.01 23:19:56.762,1.21006,1.21002,1.2,1
2015.01.01 23:19:57.798,1.21006,1.21002,1.2,1
2015.01.01 23:19:59.831,1.21006,1.21002,1.2,1
2015.01.01 23:20:00.439,1.21006,1.21002,1.2,1
2015.01.01 23:20:07.683,1.21006,1.21002,1.2,1
2015.01.01 23:20:08.278,1.21006,1.21002,1.95,1
2015.01.01 23:20:10.763,1.21006,1.21002,1.95,1
2015.01.01 23:20:11.327,1.21006,1.21002,1.95,1
2015.01.01 23:20:15.215,1.21006,1.21002,1.95,1
2015.01.01 23:20:15.824,1.21006,1.21002,1.95,1
2015.01.01 23:20:16.662,1.21006,1.21002,1.95,1
2015.01.01 23:20:17.474,1.21006,1.21002,1.95,1
2015.01.01 23:20:18.980,1.21006,1.21002,1.42,1.06
2015.01.01 23:20:19.506,1.21006,1.21002,1.67,1.06
2015.01.01 23:20:20.815,1.21006,1.21002,1.42,1.06
2015.01.01 23:20:21.435,1.21006,1.21002,1.67,1.06
2015.01.01 23:20:23.040,1.21006,1.21002,1.42,1.06
2015.01.01 23:20:23.710,1.21006,1.21002,1.67,1.06
2015.01.01 23:20:28.161,1.21006,1.21002,1.95,1.06
2015.01.01 23:20:28.772,1.21006,1.21002,1.95,1.06
2015.01.01 23:20:30.004,1.21006,1.21002,1.95,1.06
2015.01.01 23:20:30.752,1.21006,1.21002,1.95,1.06
2015.01.01 23:20:35.270,1.21006,1.21002,1.95,1.06
2015.01.01 23:20:35.473,1.21009,1.21002,1,1
2015.01.01 23:20:35.726,1.21011,1.21002,1,1
2015.01.01 23:20:37.900,1.21012,1.21002,1.5,1
2015.01.01 23:20:38.002,1.21012,1.21006,1.5,1
2015.01.01 23:20:38.104,1.2101,1.21003,1,1
2015.01.01 23:20:38.155,1.21012,1.21003,1,1
2015.01.01 23:20:38.206,1.21012,1.21007,1,1
2015.01.01 23:20:38.308,1.21011,1.21004,1,1
2015.01.01 23:20:38.814,1.21012,1.21004,1,1
2015.01.01 23:20:41.422,1.21012,1.21004,1.87,1
2015.01.01 23:20:41.574,1.21008,1.21001,2.4,1
2015.01.01 23:20:42.079,1.21005,1.20993,1,3.22
2015.01.01 23:20:42.955,1.21006,1.20993,2.02,2.47
2015.01.01 23:20:43.628,1.21005,1.20993,1,1.72
2015.01.01 23:20:44.102,1.21005,1.20993,1,1.72
2015.01.01 23:20:48.018,1.21006,1.20993,1.91,1.22
2015.01.01 23:20:48.577,1.21006,1.20993,1.91,1.22
2015.01.01 23:20:49.766,1.21006,1.20996,2.55,1.06
2015.01.01 23:20:50.365,1.21006,1.20994,2.55,1.22
2015.01.01 23:20:53.355,1.21006,1.20994,2.55,1.22
2015.01.01 23:20:54.135,1.21006,1.20994,2.55,1.22
2015.01.01 23:20:55.583,1.21006,1.20994,2.55,1.22
2015.01.01 23:20:56.111,1.21006,1.20994,2.55,1.22
2015.01.01 23:20:58.949,1.21006,1.20993,2.55,1.22
2015.01.01 23:20:59.520,1.21006,1.20993,2.55,1.22
2015.01.01 23:21:00.230,1.21006,1.20993,2.55,1.22
2015.01.01 23:21:00.781,1.21006,1.20993,2.55,1.22
2015.01.01 23:21:02.347,1.21005,1.20995,2.02,1
2015.01.01 23:21:03.386,1.21004,1.20995,1,1
2015.01.01 23:21:03.954,1.21005,1.20995,1.27,1
2015.01.01 23:21:07.331,1.21004,1.20995,1,1
2015.01.01 23:21:08.063,1.21005,1.20995,1.27,1
2015.01.01 23:21:09.284,1.21004,1.20995,1,1
2015.01.01 23:21:09.909,1.21005,1.20995,1.27,1
2015.01.01 23:21:13.398,1.21004,1.20995,1,1
2015.01.01 23:21:14.045,1.21005,1.20995,1.27,1
2015.01.01 23:21:14.489,1.21003,1.20993,1,2.25
2015.01.01 23:21:14.794,1.21003,1.20993,1,1.22
2015.01.01 23:21:42.883,1.21004,1.20993,1,1.72
2015.01.01 23:22:01.113,1.21003,1.20993,1,1.72
2015.01.01 23:22:02.324,1.20996,1.2099,1,5.62
2015.01.01 23:22:02.426,1.20988,1.20984,1,1.5
2015.01.01 23:22:02.629,1.2099,1.20982,1.37,1
2015.01.01 23:22:03.169,1.2099,1.20981,2.36,2.25
2015.01.01 23:22:03.733,1.2099,1.20985,1,1
2015.01.01 23:22:03.885,1.20994,1.20985,1,2.47
2015.01.01 23:22:03.986,1.20995,1.20986,1.5,1.52
2015.01.01 23:22:04.500,1.20995,1.20985,1.91,1.45
2015.01.01 23:22:25.446,1.20999,1.20985,2.25,1.45
2015.01.01 23:22:25.749,1.21001,1.20988,1.5,1.22
2015.01.01 23:22:27.314,1.21,1.20986,1,5.32
2015.01.01 23:22:27.365,1.21,1.20986,1.52,1.95
2015.01.01 23:22:27.872,1.20996,1.20984,1.69,4.2
2015.01.01 23:22:28.414,1.20996,1.20984,1.69,4.2
2015.01.01 23:22:29.057,1.20996,1.20984,1.69,4.57
2015.01.01 23:22:29.809,1.20996,1.20992,1.69,1
2015.01.01 23:22:30.063,1.21005,1.20993,1,1.45
2015.01.01 23:22:30.165,1.21006,1.20992,1.31,1.5
2015.01.01 23:22:30.674,1.21006,1.20992,1.72,1.5
2015.01.01 23:22:31.684,1.21006,1.20992,1.72,1.5
2015.01.01 23:22:32.243,1.21006,1.20992,1.72,1.5
2015.01.01 23:22:34.890,1.21007,1.20993,2.47,1.5
2015.01.01 23:22:34.941,1.21008,1.20997,1.56,1
2015.01.01 23:22:35.244,1.21007,1.20992,2.47,2.25
2015.01.01 23:22:35.915,1.21005,1.20991,1.91,1.06
2015.01.01 23:22:41.885,1.21,1.2099,4.5,2.47
2015.01.01 23:22:42.037,1.20995,1.20985,2.62,1
2015.01.01 23:22:42.242,1.20995,1.20988,1,1.22
2015.01.01 23:22:42.297,1.21001,1.20988,1.5,1.22
2015.01.01 23:22:49.870,1.20997,1.20986,1,1.95
2015.01.01 23:22:50.073,1.20995,1.20985,1.87,1
2015.01.01 23:22:50.377,1.20997,1.20985,2.06,1.45
2015.01.01 23:22:50.912,1.20997,1.20986,2.47,1.45
2015.01.01 23:22:53.232,1.20995,1.20985,1.87,1.5
2015.01.01 23:22:54.318,1.20994,1.20985,1,1.5
2015.01.01 23:22:58.892,1.20994,1.20984,1,1
2015.01.01 23:23:04.762,1.20992,1.20984,1,1
2015.01.01 23:23:17.346,1.20988,1.20984,1,1
2015.01.01 23:23:17.498,1.2099,1.20982,1,1
2015.01.01 23:23:18.013,1.2099,1.20981,1,1
2015.01.01 23:23:18.530,1.20991,1.20981,1.5,1
2015.01.01 23:23:23.190,1.2099,1.20982,1,1
2015.01.01 23:23:23.694,1.2099,1.20981,1,1.5
2015.01.01 23:23:24.208,1.2099,1.20982,1,1
2015.01.01 23:23:27.518,1.20991,1.20982,1.5,1
2015.01.01 23:23:41.488,1.20991,1.20981,1,1
2015.01.01 23:23:43.141,1.20991,1.20982,1,1
2015.01.01 23:23:48.512,1.20991,1.20981,1,1
2015.01.01 23:23:48.967,1.20991,1.20979,1,3.75
2015.01.01 23:23:49.118,1.20991,1.20981,1,1
2015.01.01 23:23:55.627,1.2099,1.20981,1,1
2015.01.01 23:24:02.328,1.20987,1.20981,1,1
2015.01.01 23:24:02.379,1.20987,1.20979,3,1.5
2015.01.01 23:24:02.430,1.20983,1.20979,1,1.5
2015.01.01 23:24:02.793,1.20979,1.20976,1,1
2015.01.01 23:24:03.884,1.20979,1.20973,1.37,2.25
2015.01.01 23:24:04.086,1.20981,1.20976,1,1.5
2015.01.01 23:24:04.289,1.20988,1.20976,1.5,6.42
2015.01.01 23:24:04.730,1.20989,1.20978,1,1
2015.01.01 23:24:05.033,1.20989,1.2098,1,1.5
2015.01.01 23:24:05.186,1.20991,1.2098,1,1.5
2015.01.01 23:24:05.760,1.2099,1.20979,1,1.27
2015.01.01 23:24:06.309,1.20983,1.20978,1,2.77
2015.01.01 23:24:06.562,1.20979,1.20973,1,2.25
2015.01.01 23:24:07.067,1.20981,1.20974,1,1
2015.01.01 23:24:07.118,1.20981,1.20974,1,1.37
2015.01.01 23:24:07.320,1.20981,1.20976,1,1
2015.01.01 23:24:07.422,1.20981,1.20978,1,1
2015.01.01 23:24:07.472,1.20985,1.20978,1,1
2015.01.01 23:24:07.523,1.20986,1.20976,1,1
2015.01.01 23:24:07.574,1.20988,1.20976,3,1
2015.01.01 23:24:08.092,1.20988,1.20977,1,1
2015.01.01 23:24:09.591,1.20988,1.20979,1,1
2015.01.01 23:24:09.692,1.20988,1.20977,1,1
2015.01.01 23:24:17.923,1.20989,1.20977,1,1.5
2015.01.01 23:24:18.630,1.20989,1.20978,1,1
2015.01.01 23:24:19.139,1.20988,1.20978,1,1
2015.01.01 23:24:21.357,1.20987,1.20978,1,1
2015.01.01 23:24:22.542,1.2098,1.20977,1,1
2015.01.01 23:24:22.847,1.20981,1.20976,1.5,1
2015.01.01 23:24:23.085,1.20981,1.20978,1.5,1
2015.01.01 23:24:23.136,1.20981,1.20976,1.5,1
2015.01.01 23:24:23.755,1.20981,1.20977,1.5,1
2015.01.01 23:24:24.891,1.20981,1.20975,1.5,1
2015.01.01 23:24:24.994,1.20981,1.20973,1.5,4.5
2015.01.01 23:24:25.045,1.20983,1.20977,1.5,1
2015.01.01 23:24:25.147,1.20985,1.20977,1,1.5
2015.01.01 23:24:25.934,1.20985,1.20977,1.52,1.5
2015.01.01 23:24:26.440,1.20985,1.20977,1,1
2015.01.01 23:24:26.780,1.20985,1.20979,1,1
2015.01.01 23:24:27.033,1.20987,1.20978,1,1
2015.01.01 23:24:27.488,1.20986,1.20976,1,3.75
2015.01.01 23:24:28.087,1.20985,1.20976,1,3.75
2015.01.01 23:24:31.136,1.20985,1.20977,1,1
2015.01.01 23:24:31.644,1.20985,1.20975,1.5,3
2015.01.01 23:24:33.122,1.20985,1.20977,1.5,1
2015.01.01 23:24:33.224,1.20985,1.20975,1.5,2.25
2015.01.01 23:24:33.544,1.20985,1.20977,1.5,1
2015.01.01 23:24:33.646,1.20985,1.20975,1.5,3
2015.01.01 23:24:33.748,1.20985,1.20977,1.5,1
2015.01.01 23:24:36.462,1.20985,1.20976,1.5,1
2015.01.01 23:24:38.816,1.20985,1.20975,2.25,3
2015.01.01 23:24:40.152,1.20984,1.20975,1,3.75
2015.01.01 23:24:42.680,1.20985,1.20975,1.5,4.5
2015.01.01 23:24:44.811,1.20984,1.20975,1,4.5
2015.01.01 23:24:46.890,1.20985,1.20976,1.27,1
2015.01.01 23:24:47.193,1.20985,1.20981,1,1
2015.01.01 23:24:47.295,1.20985,1.20976,1,1
2015.01.01 23:24:48.078,1.20985,1.20975,1,2.25
2015.01.01 23:24:49.091,1.20983,1.20975,1,1
2015.01.01 23:24:49.394,1.20986,1.20978,1.52,1
2015.01.01 23:24:49.445,1.20986,1.20978,1,1
2015.01.01 23:24:49.697,1.20984,1.20978,1,1.5
2015.01.01 23:24:50.051,1.20984,1.20974,3,1
2015.01.01 23:24:50.404,1.20982,1.20973,1,3
2015.01.01 23:24:50.910,1.20982,1.20974,1,1
2015.01.01 23:24:52.393,1.20984,1.20974,2.25,1
2015.01.01 23:24:52.901,1.20982,1.20974,1,1
2015.01.01 23:24:53.407,1.20981,1.20972,1,1
2015.01.01 23:24:54.012,1.20981,1.20971,1,1.5
2015.01.01 23:24:54.113,1.20979,1.20971,1,1.5
2015.01.01 23:24:54.315,1.20981,1.20971,1,1.5
2015.01.01 23:24:55.196,1.20978,1.2097,1,3
2015.01.01 23:24:55.708,1.20978,1.20969,1,1.5
2015.01.01 23:24:57.129,1.20978,1.20968,1,1
2015.01.01 23:24:57.534,1.2098,1.20969,1,1.95
2015.01.01 23:25:02.215,1.20978,1.20969,1,1.2
2015.01.01 23:25:02.731,1.20978,1.20968,1,4.12
2015.01.01 23:25:03.762,1.20978,1.20969,1,1
2015.01.01 23:25:04.273,1.20979,1.20968,1,4.5
2015.01.01 23:25:09.331,1.20978,1.20969,1,1
2015.01.01 23:25:12.570,1.20978,1.2097,1,1
2015.01.01 23:25:13.102,1.20979,1.2097,1,1
2015.01.01 23:25:14.315,1.20979,1.20968,1,3.37
2015.01.01 23:25:14.366,1.20973,1.20968,1,3.37
2015.01.01 23:25:14.417,1.20973,1.20965,1,3.42
2015.01.01 23:25:14.468,1.20969,1.20963,2.5,5.05
2015.01.01 23:25:14.536,1.20963,1.20959,4.01,1.54
2015.01.01 23:25:14.587,1.20958,1.20955,27.62,2.47
2015.01.01 23:25:14.639,1.20959,1.20952,1,1.06
2015.01.01 23:25:14.690,1.2096,1.20954,3.25,1.37
2015.01.01 23:25:14.742,1.20966,1.20963,1,3
2015.01.01 23:25:14.806,1.20966,1.20963,1,3
2015.01.01 23:25:14.858,1.20966,1.20961,4.5,1
2015.01.01 23:25:14.960,1.20963,1.2096,1.5,1.5
2015.01.01 23:25:15.062,1.20964,1.2096,1.5,1
2015.01.01 23:25:15.164,1.20966,1.2096,1.5,1.5
2015.01.01 23:25:15.671,1.20966,1.20961,2.02,1
2015.01.01 23:25:16.179,1.20966,1.2096,2.02,3.71
2015.01.01 23:25:16.699,1.20966,1.20961,2.02,1
2015.01.01 23:25:17.205,1.20966,1.2096,2.02,2.21
2015.01.01 23:25:17.945,1.20966,1.20961,2.02,1
2015.01.01 23:25:18.494,1.20963,1.20961,1.87,1.04
2015.01.01 23:25:19.001,1.20963,1.20961,1.87,1.06
2015.01.01 23:25:19.539,1.20963,1.20961,1.87,1.04
2015.01.01 23:25:23.086,1.20963,1.2096,1.87,4.92
2015.01.01 23:25:25.570,1.20966,1.2096,1,4.92
2015.01.01 23:25:26.831,1.20967,1.2096,1.5,3.04
2015.01.01 23:25:26.882,1.20958,1.20955,3.79,3.75
2015.01.01 23:25:26.934,1.20956,1.20953,2.43,2.47
2015.01.01 23:25:27.087,1.20953,1.20951,1.12,1.5
2015.01.01 23:25:27.189,1.2095,1.20941,3.37,1.5
2015.01.01 23:25:27.240,1.2095,1.20936,3.37,1.54
2015.01.01 23:25:27.443,1.20947,1.20935,1.5,1.04
2015.01.01 23:25:27.772,1.20942,1.20932,1.5,3.82
2015.01.01 23:25:28.080,1.20945,1.20936,1.5,3.6
2015.01.01 23:25:28.183,1.20947,1.20933,1,1.45
2015.01.01 23:25:28.438,1.20884,1.20879,3.37,1
2015.01.01 23:25:28.489,1.20881,1.20873,1,1.22
2015.01.01 23:25:28.692,1.2088,1.20868,1,1
2015.01.01 23:25:28.742,1.20883,1.20878,1,3.25
2015.01.01 23:25:28.845,1.20882,1.20877,4.12,3.3
2015.01.01 23:25:28.896,1.20882,1.20877,1.5,1.8
2015.01.01 23:25:28.948,1.20873,1.20864,2.25,1
2015.01.01 23:25:29.050,1.20868,1.20866,1,1.5
2015.01.01 23:25:29.101,1.20878,1.20874,5.25,1
2015.01.01 23:25:29.211,1.2088,1.20875,4.5,1.5
2015.01.01 23:25:29.264,1.20898,1.20883,1,1
2015.01.01 23:25:29.316,1.20898,1.20888,1,3.37
2015.01.01 23:25:29.621,1.20882,1.2088,1,1
2015.01.01 23:25:29.825,1.20876,1.20872,3.37,1
2015.01.01 23:25:29.875,1.2088,1.20879,1.5,1
2015.01.01 23:25:29.926,1.20877,1.20867,1,1
2015.01.01 23:25:29.977,1.20877,1.2087,2.25,1
2015.01.01 23:25:30.304,1.20891,1.20885,1,4.87
2015.01.01 23:25:30.609,1.20894,1.20884,1,3.75
2015.01.01 23:25:30.659,1.20878,1.20872,1.5,1
2015.01.01 23:25:30.710,1.20878,1.2087,1.5,1.12
2015.01.01 23:25:30.761,1.20873,1.2087,1,1.12
2015.01.01 23:25:30.913,1.20874,1.20868,1,1
2015.01.01 23:25:30.964,1.20874,1.2087,1,2.1
2015.01.01 23:25:31.066,1.2088,1.20873,1,1.37
2015.01.01 23:25:31.167,1.2088,1.20873,1,1
2015.01.01 23:25:31.218,1.2088,1.20871,1,1.5
2015.01.01 23:25:31.269,1.20882,1.20871,1,1.45
2015.01.01 23:25:31.371,1.20875,1.20869,2.25,1.8
2015.01.01 23:25:31.472,1.20873,1.20867,1,1
2015.01.01 23:25:31.625,1.20873,1.2087,1,2.62
2015.01.01 23:25:31.929,1.20865,1.20852,1,2.32
2015.01.01 23:25:32.031,1.20865,1.20853,1,1.5
2015.01.01 23:25:32.082,1.20865,1.20862,1,1.5
2015.01.01 23:25:32.133,1.20873,1.20862,1,2.25
2015.01.01 23:25:32.184,1.20873,1.20864,1,1
2015.01.01 23:25:32.489,1.20883,1.20866,1,1
2015.01.01 23:25:32.590,1.20875,1.20866,1.5,1
2015.01.01 23:25:32.641,1.20874,1.20868,2.5,1
2015.01.01 23:25:32.693,1.20881,1.20868,1.5,1.5
2015.01.01 23:25:32.744,1.20886,1.20883,1.5,1
2015.01.01 23:25:32.795,1.20891,1.20885,1,1
2015.01.01 23:25:32.846,1.20896,1.20889,1.37,1
2015.01.01 23:25:33.150,1.20886,1.20874,1.12,1
2015.01.01 23:25:33.252,1.20875,1.20873,2.25,1
2015.01.01 23:25:33.304,1.20874,1.20871,2.25,1
2015.01.01 23:25:33.515,1.20874,1.20872,2.25,1
2015.01.01 23:25:33.568,1.20898,1.20885,2.06,1.5
2015.01.01 23:25:33.670,1.20884,1.2088,2.09,1
2015.01.01 23:25:33.721,1.20884,1.20876,2.27,1.5
2015.01.01 23:25:33.772,1.20875,1.20867,1,1.5
2015.01.01 23:25:33.874,1.20875,1.20873,1,1.37
2015.01.01 23:25:34.026,1.20882,1.20873,1,2.7
2015.01.01 23:25:34.077,1.20892,1.20885,1,4.5
2015.01.01 23:25:34.179,1.20893,1.2088,1.69,1.5
2015.01.01 23:25:34.230,1.20884,1.2088,1.33,1.5
2015.01.01 23:25:34.281,1.20882,1.20869,1.5,1.5
2015.01.01 23:25:34.332,1.20878,1.20869,1.52,1.5
2015.01.01 23:25:34.587,1.20884,1.20875,2.62,1.5
2015.01.01 23:25:34.638,1.20884,1.20875,1,2.06
2015.01.01 23:25:34.942,1.20884,1.20876,1.95,4.87
2015.01.01 23:25:34.994,1.20883,1.20876,1.72,3.37
2015.01.01 23:25:35.046,1.20883,1.20871,2.47,1
2015.01.01 23:25:35.097,1.20875,1.20871,3.25,1
2015.01.01 23:25:35.149,1.20878,1.20875,1,1
2015.01.01 23:25:35.200,1.2088,1.20875,1.28,1.5
2015.01.01 23:25:35.302,1.20875,1.20868,1,1.5
2015.01.01 23:25:35.353,1.20878,1.20877,1,1
2015.01.01 23:25:35.454,1.20876,1.20874,1,1.5
2015.01.01 23:25:35.505,1.20876,1.20873,1,1
2015.01.01 23:25:35.556,1.20886,1.20877,1.82,1
2015.01.01 23:25:35.709,1.20875,1.20871,1.42,2.25
2015.01.01 23:25:35.811,1.2087,1.20868,1.1,4.87
2015.01.01 23:25:35.912,1.20878,1.20866,1.45,1.5
2015.01.01 23:25:36.014,1.20874,1.20866,1.55,1.5
2015.01.01 23:25:36.318,1.20873,1.20871,1.5,1
2015.01.01 23:25:36.470,1.20877,1.20875,1.2,1
2015.01.01 23:25:36.522,1.20884,1.20875,1.27,1.5
2015.01.01 23:25:36.573,1.20885,1.20877,1.62,1
2015.01.01 23:25:36.877,1.20884,1.20879,1.22,3.37
2015.01.01 23:25:37.182,1.20892,1.2089,1.5,1
2015.01.01 23:25:37.232,1.20882,1.20878,1,1.54
2015.01.01 23:25:37.334,1.20891,1.20886,1.5,0.75
2015.01.01 23:25:37.639,1.20907,1.20896,1.52,1
2015.01.01 23:25:37.691,1.20907,1.20894,2.02,1.5
2015.01.01 23:25:37.792,1.20903,1.20899,1,1
2015.01.01 23:25:38.097,1.20914,1.20909,2.25,1
2015.01.01 23:25:38.199,1.20914,1.20907,2.25,1
2015.01.01 23:25:38.250,1.20908,1.20905,1,1
2015.01.01 23:25:38.301,1.20885,1.20877,1.52,1
2015.01.01 23:25:38.352,1.20885,1.2088,1.52,1
2015.01.01 23:25:38.455,1.20889,1.20877,1.97,1
2015.01.01 23:25:38.506,1.20889,1.20877,1.45,1.45
2015.01.01 23:25:38.658,1.20893,1.20879,1,2.91
2015.01.01 23:25:38.709,1.20892,1.20887,4,1.04
2015.01.01 23:25:38.863,1.20901,1.20897,1,1
2015.01.01 23:25:38.914,1.20883,1.20871,2.5,1.19
2015.01.01 23:25:38.966,1.20886,1.20876,4.75,1.41
2015.01.01 23:25:39.017,1.20887,1.20884,1,1.37
2015.01.01 23:25:39.118,1.20885,1.20879,2.25,1
2015.01.01 23:25:39.169,1.20884,1.20872,1,1.52
2015.01.01 23:25:39.220,1.20884,1.20879,1,1.65
2015.01.01 23:25:39.474,1.20887,1.2088,1,1.22
2015.01.01 23:25:39.778,1.20877,1.20873,1,1.54
2015.01.01 23:25:40.089,1.20885,1.20874,1.5,1.45
2015.01.01 23:25:40.141,1.20877,1.20873,1,1
2015.01.01 23:25:40.192,1.20876,1.20869,1,1.31
2015.01.01 23:25:40.295,1.20878,1.20876,1.5,1.5
2015.01.01 23:25:40.397,1.20878,1.20874,1,1.2
2015.01.01 23:25:40.449,1.20882,1.20877,1,1
2015.01.01 23:25:40.602,1.20875,1.2087,1,1
2015.01.01 23:25:40.653,1.20873,1.2087,1,1.25
2015.01.01 23:25:40.754,1.20879,1.20878,1,1
2015.01.01 23:25:41.011,1.20878,1.20873,1,1
2015.01.01 23:25:41.062,1.20875,1.20871,1,1
2015.01.01 23:25:41.164,1.20873,1.20869,1,1.5
2015.01.01 23:25:41.215,1.20876,1.2087,1,1
2015.01.01 23:25:41.266,1.20876,1.2087,1.19,1
2015.01.01 23:25:41.368,1.20873,1.20868,1,1
2015.01.01 23:25:41.672,1.20873,1.20869,1.19,1
2015.01.01 23:25:41.976,1.20862,1.20859,2.62,1.5
2015.01.01 23:25:42.179,1.20853,1.20851,1,1
2015.01.01 23:25:42.231,1.20853,1.2085,1,1.5
2015.01.01 23:25:42.384,1.20851,1.20849,3.37,1
2015.01.01 23:25:42.485,1.20853,1.20848,1,1
2015.01.01 23:25:42.586,1.20858,1.20848,1.25,1
2015.01.01 23:25:42.637,1.20852,1.20847,3.37,1
2015.01.01 23:25:42.688,1.20852,1.20845,3.37,1
2015.01.01 23:25:42.739,1.20855,1.20851,1,1
2015.01.01 23:25:42.792,1.20858,1.20852,5.62,1
2015.01.01 23:25:42.843,1.20854,1.20846,1,1
2015.01.01 23:25:42.945,1.20854,1.20848,1,1
2015.01.01 23:25:43.047,1.20855,1.20845,1,2.02
2015.01.01 23:25:43.098,1.20855,1.20845,2.77,1.5
2015.01.01 23:25:43.200,1.20853,1.20845,1,1.52
2015.01.01 23:25:43.503,1.20859,1.20855,1.5,1
2015.01.01 23:25:43.757,1.20864,1.20855,1,1
2015.01.01 23:25:43.808,1.2086,1.20855,1,1
2015.01.01 23:25:44.112,1.20854,1.20851,1,1
2015.01.01 23:25:44.163,1.20856,1.20851,1,1
2015.01.01 23:25:44.214,1.20859,1.20851,1.5,1
2015.01.01 23:25:44.265,1.20857,1.20849,3.37,1.5
2015.01.01 23:25:44.569,1.20852,1.2085,1,1
2015.01.01 23:25:44.620,1.20852,1.20847,1.5,1
2015.01.01 23:25:44.671,1.20852,1.20851,1,1
2015.01.01 23:25:44.722,1.20862,1.20857,1,1
2015.01.01 23:25:44.773,1.20855,1.2085,1,1.87
2015.01.01 23:25:44.824,1.20852,1.20848,4.27,1
2015.01.01 23:25:44.926,1.20852,1.20845,1.5,2.44
2015.01.01 23:25:45.027,1.20857,1.20844,1.5,1.5
2015.01.01 23:25:45.078,1.20855,1.20844,1,1
2015.01.01 23:25:45.282,1.20852,1.20839,4.87,3.75
2015.01.01 23:25:45.383,1.20855,1.20849,1,2.44
2015.01.01 23:25:45.485,1.20856,1.20846,1,1.5
2015.01.01 23:25:45.536,1.20854,1.20846,1,1
2015.01.01 23:25:45.587,1.20854,1.20844,1.5,1
2015.01.01 23:25:45.639,1.20852,1.20844,1,1
2015.01.01 23:25:45.690,1.20852,1.20841,4.87,1
2015.01.01 23:25:45.741,1.20852,1.20839,4.87,4.5
2015.01.01 23:25:46.045,1.20852,1.20844,1,2.25
2015.01.01 23:25:46.197,1.20863,1.20853,1.5,1
2015.01.01 23:25:46.299,1.20861,1.20858,1,2.25
2015.01.01 23:25:46.401,1.20857,1.20852,1,1
2015.01.01 23:25:46.452,1.20854,1.2085,1,1.5
2015.01.01 23:25:46.503,1.20854,1.20843,1,1.15
2015.01.01 23:25:46.733,1.20864,1.20852,1,1
2015.01.01 23:25:46.835,1.20862,1.20851,1,1
2015.01.01 23:25:47.139,1.20851,1.20841,1,1
2015.01.01 23:25:47.647,1.20851,1.20841,3.75,1
2015.01.01 23:25:47.959,1.20848,1.20841,3.37,1
2015.01.01 23:25:48.213,1.20846,1.20838,3.37,1
2015.01.01 23:25:48.416,1.20848,1.20847,3.37,1
2015.01.01 23:25:48.467,1.20852,1.20847,2.25,1.37
2015.01.01 23:25:48.518,1.20858,1.20852,1,1
2015.01.01 23:25:48.671,1.20862,1.2086,2.5,1
2015.01.01 23:25:48.823,1.20859,1.20853,2.02,1.54
2015.01.01 23:25:48.874,1.20859,1.20853,1.27,1.43
2015.01.01 23:25:49.179,1.20857,1.2085,3,1.95
2015.01.01 23:25:49.282,1.20857,1.20854,1,1.37
2015.01.01 23:25:49.486,1.20853,1.20851,1,1
2015.01.01 23:25:49.538,1.20853,1.20848,1,1
2015.01.01 23:25:49.589,1.20855,1.20848,1,1.37
2015.01.01 23:25:49.893,1.20856,1.20855,1,1.87
2015.01.01 23:25:50.045,1.20857,1.20855,1.5,1.87
2015.01.01 23:25:50.096,1.20853,1.2085,1,1.18
2015.01.01 23:25:50.147,1.20853,1.2085,1,1
2015.01.01 23:25:50.198,1.20861,1.20855,1.72,4.12
2015.01.01 23:25:50.249,1.20858,1.20855,1,5.25
2015.01.01 23:25:50.503,1.20862,1.20855,1.5,1.37
2015.01.01 23:25:50.554,1.20867,1.20865,2.5,1.5
2015.01.01 23:25:50.658,1.20862,1.20855,4.37,13.32
2015.01.01 23:25:50.759,1.20869,1.20865,3,1.35
2015.01.01 23:25:50.862,1.20877,1.20874,1.5,3.75
2015.01.01 23:25:50.913,1.20881,1.20874,2.02,3.75
2015.01.01 23:25:50.964,1.20878,1.2087,1,2.25
2015.01.01 23:25:51.015,1.20876,1.20865,1.37,1.37
2015.01.01 23:25:51.218,1.20865,1.20855,1.5,4.2
2015.01.01 23:25:51.269,1.2086,1.20857,2.5,1
2015.01.01 23:25:51.370,1.20853,1.20849,1,1
2015.01.01 23:25:51.523,1.20853,1.20847,7.87,1
2015.01.01 23:25:51.574,1.20847,1.20843,1,1.06
2015.01.01 23:25:51.728,1.20843,1.20838,1.5,1
2015.01.01 23:25:51.829,1.2085,1.20842,2.7,1
2015.01.01 23:25:51.982,1.20852,1.20842,4.87,1
2015.01.01 23:25:52.084,1.20852,1.20844,1,1
2015.01.01 23:25:52.387,1.20856,1.20848,1.5,3.22
2015.01.01 23:25:52.692,1.20853,1.20846,2.25,1
2015.01.01 23:25:52.945,1.20853,1.20844,2.25,1
2015.01.01 23:25:53.451,1.20853,1.20847,2.25,1
2015.01.01 23:25:53.788,1.20856,1.20854,1,1
2015.01.01 23:25:53.941,1.20852,1.20847,1,1.22
2015.01.01 23:25:53.993,1.20852,1.20847,1,1
2015.01.01 23:25:54.145,1.20856,1.20855,1,4.12
2015.01.01 23:25:54.247,1.20862,1.20855,1.87,4.5
2015.01.01 23:25:54.399,1.20856,1.20852,1,1
2015.01.01 23:25:54.552,1.20852,1.20845,1,1.5
2015.01.01 23:25:54.603,1.20854,1.20845,6.37,1.5
2015.01.01 23:25:55.135,1.20853,1.20845,1,2.62
2015.01.01 23:25:55.759,1.20853,1.20846,1,1
2015.01.01 23:25:55.810,1.20853,1.2085,1,3.37
2015.01.01 23:25:56.114,1.20868,1.20861,3,4.27
2015.01.01 23:25:56.417,1.20858,1.20855,1,4.12
2015.01.01 23:25:56.519,1.20854,1.2085,1,6
2015.01.01 23:25:56.621,1.20858,1.20851,1,1.87
2015.01.01 23:25:56.672,1.20854,1.20851,1,1.37
2015.01.01 23:25:56.724,1.2086,1.20854,3,1
2015.01.01 23:25:56.826,1.20854,1.20847,1,2.4
2015.01.01 23:25:57.333,1.20853,1.20845,2.25,1.87
2015.01.01 23:25:58.042,1.20853,1.20846,1.5,1
2015.01.01 23:25:58.093,1.20882,1.2088,1,1.65
2015.01.01 23:25:58.145,1.20888,1.20884,1,3.6
2015.01.01 23:25:58.297,1.20874,1.20867,1,1.2
2015.01.01 23:25:58.399,1.20881,1.20879,1.5,1
2015.01.01 23:25:58.450,1.20881,1.20879,1,1
2015.01.01 23:25:58.501,1.20883,1.20875,1.37,2.25
2015.01.01 23:25:58.552,1.20882,1.2087,1.37,1
2015.01.01 23:25:58.806,1.20873,1.20851,4,2.01
2015.01.01 23:25:58.856,1.20855,1.20851,1.5,2.01
2015.01.01 23:25:58.907,1.20866,1.20861,1,1
2015.01.01 23:25:58.958,1.20866,1.20861,1,1.5
2015.01.01 23:25:59.009,1.20864,1.20861,1,2.02
2015.01.01 23:25:59.262,1.20857,1.20852,3.37,1.95
2015.01.01 23:25:59.314,1.2086,1.20855,1.5,3.37
2015.01.01 23:25:59.618,1.20853,1.20847,1,2.06
2015.01.01 23:25:59.871,1.20856,1.20853,1.5,1
2015.01.01 23:25:59.973,1.20856,1.20851,1,1.31
2015.01.01 23:26:00.024,1.20854,1.20851,1,1.31
2015.01.01 23:26:00.495,1.20853,1.20851,1,2.36
2015.01.01 23:26:00.599,1.20859,1.20853,1,1.82
2015.01.01 23:26:00.803,1.20853,1.2085,1,1.56
2015.01.01 23:26:00.905,1.20855,1.20848,1,1.56
2015.01.01 23:26:01.007,1.20854,1.20852,1,1.27
2015.01.01 23:26:01.109,1.20854,1.20849,1,1.62
2015.01.01 23:26:01.211,1.20854,1.20852,1,2.25
2015.01.01 23:26:01.565,1.20866,1.20864,1,1
2015.01.01 23:26:01.617,1.20886,1.20864,0.75,1.3
2015.01.01 23:26:01.668,1.20897,1.20887,3,2.32
2015.01.01 23:26:01.972,1.20894,1.20887,1,1
2015.01.01 23:26:02.023,1.20897,1.20887,2.25,1
2015.01.01 23:26:02.074,1.20893,1.20885,1.35,1
2015.01.01 23:26:02.125,1.20893,1.20881,1.35,1
2015.01.01 23:26:02.176,1.20863,1.20857,0.75,1
2015.01.01 23:26:02.480,1.20883,1.20877,1,1
2015.01.01 23:26:02.531,1.20886,1.20877,1.5,1
2015.01.01 23:26:02.582,1.20886,1.2088,1,1
2015.01.01 23:26:02.633,1.20888,1.2088,1,1
2015.01.01 23:26:02.684,1.20869,1.20865,4,1.5
2015.01.01 23:26:02.735,1.2086,1.20853,4.75,1
2015.01.01 23:26:02.836,1.20866,1.2086,1,1
2015.01.01 23:26:02.887,1.20873,1.20865,1,1
2015.01.01 23:26:02.938,1.20876,1.20865,1.5,1
2015.01.01 23:26:02.989,1.20866,1.20862,1,1
2015.01.01 23:26:03.041,1.20866,1.20859,1.5,1
2015.01.01 23:26:03.193,1.20866,1.20864,1,3
2015.01.01 23:26:03.295,1.20908,1.20901,1.56,1
2015.01.01 23:26:03.396,1.20899,1.20896,1,1
2015.01.01 23:26:03.448,1.20887,1.20882,2.2,1
2015.01.01 23:26:03.499,1.20867,1.20854,1.37,1.22
2015.01.01 23:26:03.550,1.20869,1.20861,1.87,2.5
2015.01.01 23:26:03.601,1.2087,1.20863,1.5,2.5
2015.01.01 23:26:03.652,1.20886,1.2088,1.19,5.25
2015.01.01 23:26:03.754,1.20853,1.20852,1.5,1
2015.01.01 23:26:03.805,1.20853,1.20851,1,0.56
2015.01.01 23:26:03.856,1.20864,1.2085,1,2.51
2015.01.01 23:26:03.907,1.2086,1.2085,1.5,2.96
2015.01.01 23:26:04.212,1.20858,1.2085,1,1.56
2015.01.01 23:26:04.516,1.20883,1.20869,4,4.12
2015.01.01 23:26:04.821,1.20877,1.20871,3.75,3.75
2015.01.01 23:26:04.872,1.20874,1.20861,1,1
2015.01.01 23:26:04.973,1.20877,1.20864,3,1
2015.01.01 23:26:05.278,1.20853,1.20852,1,1.2
2015.01.01 23:26:05.532,1.20856,1.2085,1,1
2015.01.01 23:26:05.633,1.20858,1.20849,1,1.94
2015.01.01 23:26:05.938,1.20856,1.20851,3,1.12
2015.01.01 23:26:06.091,1.2086,1.20853,1,1
2015.01.01 23:26:06.192,1.20856,1.20848,1,2.02
2015.01.01 23:26:06.497,1.20873,1.20862,1,1.01
2015.01.01 23:26:06.548,1.20862,1.20859,1,1
2015.01.01 23:26:06.600,1.20859,1.20852,1,1.31
2015.01.01 23:26:06.651,1.20857,1.20852,1,1.31
2015.01.01 23:26:06.995,1.20874,1.20862,1,1.57
2015.01.01 23:26:07.046,1.20867,1.20862,1,1.53
2015.01.01 23:26:07.097,1.20862,1.20855,1,1.28
2015.01.01 23:26:07.199,1.20862,1.20855,1.5,1.12
2015.01.01 23:26:07.251,1.20857,1.20849,1,1.75
2015.01.01 23:26:07.558,1.20853,1.20852,1,1.12
2015.01.01 23:26:07.609,1.20853,1.20846,1,1.37
2015.01.01 23:26:07.761,1.20855,1.20848,1,1.62
2015.01.01 23:26:07.812,1.20857,1.20848,1.5,1.37
2015.01.01 23:26:07.863,1.20854,1.20848,1,1.22
2015.01.01 23:26:07.965,1.20854,1.20845,1.5,1
2015.01.01 23:26:08.470,1.20855,1.20853,1,1
2015.01.01 23:26:08.521,1.20857,1.20853,1,1
2015.01.01 23:26:08.573,1.20866,1.20863,4,1
2015.01.01 23:26:08.625,1.20868,1.20863,1.5,1
2015.01.01 23:26:08.676,1.20875,1.20862,1,1.37
2015.01.01 23:26:08.727,1.20873,1.20862,1.45,1.37
2015.01.01 23:26:08.980,1.2087,1.20858,1.5,1.12
2015.01.01 23:26:09.082,1.20873,1.20859,1.5,1
2015.01.01 23:26:09.285,1.2087,1.20857,1,1.54
2015.01.01 23:26:09.538,1.20867,1.20851,1,2.02
2015.01.01 23:26:09.590,1.20859,1.20851,1.5,1.52
2015.01.01 23:26:09.692,1.20861,1.20846,1.5,1.52
2015.01.01 23:26:09.743,1.20859,1.20846,1.5,1.97
2015.01.01 23:26:09.844,1.20853,1.20845,1,1.52
2015.01.01 23:26:09.946,1.2086,1.20852,5.25,1.72
2015.01.01 23:26:09.997,1.2086,1.20852,1,2.47
2015.01.01 23:26:10.048,1.20863,1.20855,2.92,1.28
2015.01.01 23:26:10.100,1.20861,1.20856,1,1.04
2015.01.01 23:26:10.411,1.20853,1.20844,1,1.52
2015.01.01 23:26:10.715,1.20876,1.20873,1,3
2015.01.01 23:26:10.766,1.20859,1.20854,1,5.25
2015.01.01 23:26:10.818,1.20859,1.20855,1.5,3.75
2015.01.01 23:26:10.870,1.2087,1.20865,4.5,1.95
2015.01.01 23:26:10.921,1.20876,1.20868,1.5,1.13
2015.01.01 23:26:10.972,1.20878,1.20874,1,2.5
2015.01.01 23:26:11.023,1.20878,1.20875,1,2.31
2015.01.01 23:26:11.125,1.20862,1.20859,3,1
2015.01.01 23:26:11.176,1.20862,1.20852,1.5,1.01
2015.01.01 23:26:11.228,1.20866,1.20852,1.5,2.41
2015.01.01 23:26:11.330,1.2087,1.20862,1.19,2.02
2015.01.01 23:26:11.381,1.2086,1.20855,1,4.27
2015.01.01 23:26:11.636,1.2086,1.20857,1,1
2015.01.01 23:26:11.687,1.20864,1.20857,1,1
2015.01.01 23:26:11.789,1.20864,1.20853,1,1.31
2015.01.01 23:26:11.840,1.20867,1.20853,1.5,1.54
2015.01.01 23:26:11.891,1.2087,1.20854,2.81,1.54
2015.01.01 23:26:11.992,1.20866,1.20854,1,1.72
2015.01.01 23:26:12.296,1.20863,1.20852,1.5,1
2015.01.01 23:26:12.398,1.20869,1.20853,1.69,1.72
2015.01.01 23:26:12.708,1.20856,1.20842,2.25,2.62
2015.01.01 23:26:12.961,1.20858,1.20845,2.25,1.37
2015.01.01 23:26:13.012,1.20858,1.20846,1.5,1.56
2015.01.01 23:26:13.316,1.2086,1.20855,1,1.72
2015.01.01 23:26:13.419,1.20861,1.20849,1.5,4.2
2015.01.01 23:26:13.470,1.20861,1.20852,1,1
2015.01.01 23:26:13.521,1.20858,1.20852,0.75,1.5
2015.01.01 23:26:13.859,1.20856,1.20854,2.25,1.1
2015.01.01 23:26:14.171,1.20859,1.20855,1,1
2015.01.01 23:26:14.222,1.20866,1.20858,3,1.56
2015.01.01 23:26:14.374,1.20866,1.2086,3,1.22
2015.01.01 23:26:14.477,1.20856,1.20854,1,3.45
2015.01.01 23:26:14.730,1.20859,1.2085,1,1.52
2015.01.01 23:26:14.781,1.20859,1.20853,1,2.55
2015.01.01 23:26:14.934,1.20858,1.20845,1.5,1.27
2015.01.01 23:26:15.036,1.2086,1.20849,1,2.4
2015.01.01 23:26:15.137,1.20869,1.20853,1.5,2.02
2015.01.01 23:26:15.239,1.20863,1.20853,1.25,3
2015.01.01 23:26:15.391,1.20864,1.20851,1,1.5
2015.01.01 23:26:15.442,1.20859,1.20851,3,1.72
2015.01.01 23:26:15.595,1.20855,1.20842,2.25,3
2015.01.01 23:26:15.646,1.20855,1.20846,2.25,1
2015.01.01 23:26:15.950,1.20853,1.20845,1,1
2015.01.01 23:26:16.714,1.20855,1.20851,2.25,1
2015.01.01 23:26:16.766,1.20857,1.20854,1,2.76
2015.01.01 23:26:16.868,1.20866,1.20862,1,1
2015.01.01 23:26:16.919,1.20867,1.20862,1,1.5
2015.01.01 23:26:16.970,1.20858,1.20854,1,3.28
2015.01.01 23:26:17.021,1.20852,1.2085,1,1.73
2015.01.01 23:26:17.072,1.20856,1.20851,1,1
2015.01.01 23:26:17.123,1.20859,1.20851,1,1.5
2015.01.01 23:26:17.174,1.20856,1.20851,1,1
2015.01.01 23:26:17.326,1.20859,1.20845,1.5,1.87
2015.01.01 23:26:17.377,1.2086,1.20855,1,1
2015.01.01 23:26:17.428,1.2087,1.20855,1,1.5
2015.01.01 23:26:17.479,1.20867,1.20855,1,1
2015.01.01 23:26:17.782,1.20854,1.20843,3,2.44
2015.01.01 23:26:17.833,1.20854,1.20843,3,2.06
2015.01.01 23:26:17.985,1.20859,1.20848,1,1.27
2015.01.01 23:26:18.138,1.20857,1.20848,1,1.9
2015.01.01 23:26:18.340,1.20855,1.20842,2.25,1.5
2015.01.01 23:26:18.444,1.20855,1.20845,2.25,1
2015.01.01 23:26:18.748,1.20878,1.20862,1,1
2015.01.01 23:26:18.799,1.20879,1.20864,1,1
2015.01.01 23:26:19.002,1.20877,1.20861,2.25,1.5
2015.01.01 23:26:19.053,1.20876,1.20861,1.37,1.5
2015.01.01 23:26:19.357,1.20876,1.20865,1.5,1.04
2015.01.01 23:26:19.611,1.20856,1.20842,1.5,1.5
2015.01.01 23:26:19.763,1.20851,1.20842,2.25,3
2015.01.01 23:26:20.067,1.20851,1.20845,2.25,1
2015.01.01 23:26:20.572,1.20851,1.20844,2.25,1
2015.01.01 23:26:21.027,1.2085,1.20847,1,1
2015.01.01 23:26:21.078,1.20855,1.20847,1.37,1
2015.01.01 23:26:21.129,1.20856,1.20846,1,1
2015.01.01 23:26:21.180,1.20854,1.20845,1,1.72
2015.01.01 23:26:21.540,1.20857,1.20844,1.37,3.75
2015.01.01 23:26:21.591,1.20856,1.20852,1,0.37
2015.01.01 23:26:21.693,1.20859,1.20847,1.62,1
2015.01.01 23:26:21.744,1.20854,1.20847,1,1
2015.01.01 23:26:21.795,1.20854,1.20844,1,2.25
2015.01.01 23:26:21.846,1.20855,1.20846,1,1.69
2015.01.01 23:26:21.896,1.20858,1.20846,1.37,2.44
2015.01.01 23:26:21.998,1.20855,1.20844,1,2.82
2015.01.01 23:26:22.201,1.2085,1.20844,1,2.25
2015.01.01 23:26:22.252,1.20859,1.20857,1.37,1.2
2015.01.01 23:26:22.303,1.20863,1.20857,4,1.65
2015.01.01 23:26:22.354,1.20868,1.20857,1,2.1
2015.01.01 23:26:22.405,1.20868,1.2086,1,1.35
2015.01.01 23:26:22.456,1.20873,1.20857,2.02,2.4
2015.01.01 23:26:22.507,1.20861,1.20857,2.5,1.5
2015.01.01 23:26:22.661,1.20868,1.20856,2.25,1.45
2015.01.01 23:26:22.712,1.20867,1.20857,1,1
2015.01.01 23:26:22.763,1.20864,1.20857,1,1
2015.01.01 23:26:23.067,1.20865,1.20855,2.25,1.45
2015.01.01 23:26:23.170,1.20859,1.20847,3,1.56
2015.01.01 23:26:23.272,1.20858,1.20846,2.62,1
2015.01.01 23:26:23.627,1.20853,1.20844,1,2.14
2015.01.01 23:26:23.728,1.20853,1.20842,2.25,1.56
2015.01.01 23:26:23.780,1.20849,1.20842,1,1.56
2015.01.01 23:26:24.286,1.20849,1.20845,1,1
2015.01.01 23:26:24.894,1.20849,1.20844,1,1.31
2015.01.01 23:26:25.418,1.20849,1.20845,1,1
2015.01.01 23:26:25.724,1.20856,1.20852,1.37,2.59
2015.01.01 23:26:25.827,1.20856,1.20854,1,1.65
2015.01.01 23:26:26.031,1.20869,1.20856,1.5,2.25
2015.01.01 23:26:26.233,1.20857,1.20853,2.25,3.94
2015.01.01 23:26:26.335,1.20865,1.20856,1,2.25
2015.01.01 23:26:26.437,1.20858,1.20856,1,1.8
2015.01.01 23:26:26.488,1.20857,1.20851,1,1.56
2015.01.01 23:26:26.589,1.20856,1.20851,1,2.09
2015.01.01 23:26:26.742,1.20849,1.20844,1,1.87
2015.01.01 23:26:27.336,1.20848,1.20845,1,1
2015.01.01 23:26:27.969,1.20852,1.20845,1.37,1
2015.01.01 23:26:28.070,1.20852,1.20847,1.37,1
2015.01.01 23:26:28.121,1.20854,1.20847,1,1.5
2015.01.01 23:26:28.172,1.20856,1.20851,1,1
2015.01.01 23:26:28.325,1.20869,1.20853,1.5,1.72
2015.01.01 23:26:28.375,1.20857,1.20853,1.5,1.22
2015.01.01 23:26:28.578,1.20851,1.20844,1,2.25
2015.01.01 23:26:28.629,1.20857,1.20849,1,1.37
2015.01.01 23:26:28.680,1.20854,1.20849,1,1.66
2015.01.01 23:26:28.781,1.20864,1.20851,1,1.43
2015.01.01 23:26:28.882,1.20858,1.20851,1,2.32
2015.01.01 23:26:29.181,1.20855,1.20846,1,1.95
2015.01.01 23:26:29.232,1.20857,1.20848,1,1
2015.01.01 23:26:29.536,1.20856,1.20854,1,3.94
2015.01.01 23:26:29.740,1.20856,1.20847,1,1.19
2015.01.01 23:26:29.791,1.20857,1.20846,1,1
2015.01.01 23:26:29.842,1.20857,1.20849,1,1
2015.01.01 23:26:30.146,1.20854,1.20848,1,1
2015.01.01 23:26:30.197,1.20852,1.20848,1.12,1
2015.01.01 23:26:30.248,1.20852,1.20844,1.87,2.25
2015.01.01 23:26:30.552,1.20855,1.20844,1,2.25
2015.01.01 23:26:30.604,1.20849,1.20844,1,3
2015.01.01 23:26:30.908,1.20852,1.2085,1.12,1
2015.01.01 23:26:30.960,1.20857,1.20851,1,1.37
2015.01.01 23:26:31.011,1.20854,1.20848,1,1
2015.01.01 23:26:31.163,1.20855,1.2085,1,2.47
2015.01.01 23:26:31.214,1.20853,1.2085,1,1.5
2015.01.01 23:26:31.316,1.20858,1.20853,1,1
2015.01.01 23:26:31.518,1.20868,1.20856,1.5,3.42
2015.01.01 23:26:31.721,1.20864,1.20852,3,1.87
2015.01.01 23:26:31.974,1.20863,1.2085,1,1
2015.01.01 23:26:32.025,1.20865,1.2085,1.5,1
2015.01.01 23:26:32.330,1.20865,1.20854,1.5,1
2015.01.01 23:26:32.668,1.20868,1.20855,1.5,1
2015.01.01 23:26:33.328,1.20868,1.20854,1.5,1
2015.01.01 23:26:33.430,1.20866,1.20854,1,1
2015.01.01 23:26:33.582,1.20866,1.2085,1,1
2015.01.01 23:26:33.986,1.20866,1.20855,1,1
2015.01.01 23:26:34.494,1.20866,1.20854,1,1
2015.01.01 23:26:35.006,1.20865,1.20855,1,1
2015.01.01 23:26:35.565,1.20866,1.20855,1.5,1
2015.01.01 23:26:35.870,1.20864,1.20855,1,1
2015.01.01 23:26:36.379,1.20864,1.20855,1,1.04
2015.01.01 23:26:41.158,1.20856,1.20855,1.5,1
2015.01.01 23:26:41.311,1.20856,1.20847,3,1.5
2015.01.01 23:26:41.413,1.20856,1.20849,1.5,2.25
2015.01.01 23:26:41.464,1.20853,1.20844,2.25,2.7
2015.01.01 23:26:41.515,1.20849,1.20844,1,2.25
2015.01.01 23:26:41.870,1.20847,1.20845,1,1
2015.01.01 23:26:43.424,1.20846,1.20844,1,3
2015.01.01 23:26:45.134,1.20847,1.20845,1,1
2015.01.01 23:26:45.643,1.20846,1.20844,1,3
2015.01.01 23:26:46.146,1.20847,1.20845,1,1
2015.01.01 23:26:47.059,1.20846,1.20844,1,2.25
2015.01.01 23:26:47.539,1.2085,1.20845,1.2,1
2015.01.01 23:26:49.536,1.2085,1.20844,1,2.25
2015.01.01 23:26:50.037,1.2085,1.20845,1,1
2015.01.01 23:26:50.087,1.20847,1.20845,1,1
2015.01.01 23:26:50.139,1.20846,1.20839,1,1.5
2015.01.01 23:26:50.190,1.20849,1.20834,1.5,7.5
2015.01.01 23:26:50.392,1.20842,1.20835,1,1
2015.01.01 23:26:50.594,1.20848,1.20835,3,1
2015.01.01 23:26:52.377,1.20843,1.20835,1,1
2015.01.01 23:26:53.429,1.20848,1.20834,2.25,5.25
2015.01.01 23:26:53.581,1.20843,1.20834,1,6
2015.01.01 23:26:53.937,1.20843,1.20836,1,1
2015.01.01 23:26:54.191,1.20842,1.20834,1,3.75
2015.01.01 23:26:54.293,1.20844,1.20834,1,5.25
2015.01.01 23:26:54.446,1.20843,1.20838,2.25,1
2015.01.01 23:26:54.599,1.20842,1.20834,1,1
2015.01.01 23:26:55.055,1.20843,1.20836,1,1
2015.01.01 23:26:55.358,1.20844,1.2084,1,1
2015.01.01 23:26:55.661,1.20844,1.2084,1.22,1
2015.01.01 23:26:55.712,1.20844,1.2084,1,1
2015.01.01 23:26:55.813,1.20842,1.20837,3.37,1
2015.01.01 23:26:55.864,1.20839,1.20837,1.5,1
2015.01.01 23:26:55.918,1.20821,1.20815,1,5.62
2015.01.01 23:26:55.970,1.2082,1.20815,1,4.87
2015.01.01 23:26:56.020,1.20818,1.20813,1.5,1
2015.01.01 23:26:56.098,1.20825,1.2081,1.5,3.04
2015.01.01 23:26:56.150,1.20825,1.20816,1.5,1
2015.01.01 23:26:56.302,1.20824,1.20808,1.56,1
2015.01.01 23:26:56.354,1.20824,1.2081,1,2.25
2015.01.01 23:26:56.405,1.20822,1.20812,2.25,1
2015.01.01 23:26:56.709,1.20819,1.20812,1,1
2015.01.01 23:26:56.862,1.20819,1.20806,1,2.29
2015.01.01 23:26:56.913,1.20819,1.20808,1,2.25
2015.01.01 23:26:57.217,1.20821,1.20811,1.37,3.37
2015.01.01 23:26:57.723,1.2082,1.2081,1.12,1.28
2015.01.01 23:26:57.972,1.2082,1.2081,1.12,3.42
2015.01.01 23:26:58.024,1.20822,1.2081,1,3.42
2015.01.01 23:26:58.529,1.20823,1.2081,1,4.12
2015.01.01 23:26:58.731,1.20826,1.2081,1.5,6.9
2015.01.01 23:26:59.085,1.20823,1.20815,1,1
2015.01.01 23:26:59.237,1.20821,1.2081,1.5,1
2015.01.01 23:26:59.339,1.20821,1.20805,1.5,1
2015.01.01 23:27:00.165,1.20821,1.20808,1.5,1
2015.01.01 23:27:00.468,1.20824,1.2081,2.25,3.75
2015.01.01 23:27:00.872,1.20824,1.20812,1,1.69
2015.01.01 23:27:01.204,1.20822,1.20812,1,3.94
2015.01.01 23:27:01.507,1.20825,1.20816,1,1.87
2015.01.01 23:27:01.862,1.20828,1.20825,1.5,1
2015.01.01 23:27:01.913,1.20822,1.20816,1,1.5
2015.01.01 23:27:02.015,1.20822,1.2082,1,1
2015.01.01 23:27:02.066,1.20825,1.2082,1,1
2015.01.01 23:27:02.219,1.20823,1.2082,1,1
2015.01.01 23:27:02.422,1.20818,1.20814,1,1.87
2015.01.01 23:27:02.625,1.2082,1.20812,1,2.02
2015.01.01 23:27:03.650,1.2082,1.20815,1,1
2015.01.01 23:27:04.208,1.2082,1.20814,1,1.27
2015.01.01 23:27:04.713,1.2082,1.20815,1,1
2015.01.01 23:27:05.149,1.20823,1.20811,1,2.02
2015.01.01 23:27:05.632,1.20825,1.20815,1,1
2015.01.01 23:27:06.346,1.20825,1.20814,1,1.27
2015.01.01 23:27:06.877,1.20825,1.20815,1,1
2015.01.01 23:27:08.269,1.20821,1.20811,1,2.02
2015.01.01 23:27:08.573,1.20817,1.20808,1.5,1
2015.01.01 23:27:08.725,1.20824,1.20808,1.25,1.5
2015.01.01 23:27:10.410,1.20825,1.2081,2.25,1
2015.01.01 23:27:10.714,1.20836,1.20829,1.5,1
2015.01.01 23:27:10.765,1.20836,1.20827,1.5,1.5
2015.01.01 23:27:10.867,1.20836,1.20825,1,1
2015.01.01 23:27:11.372,1.20837,1.20823,1,2.29
2015.01.01 23:27:11.424,1.20834,1.20823,1,1.5
2015.01.01 23:27:11.525,1.20832,1.20818,1,1
2015.01.01 23:27:11.626,1.20832,1.20816,1.37,1
2015.01.01 23:27:11.677,1.20823,1.20816,1,1
2015.01.01 23:27:12.437,1.20824,1.20822,1,1
2015.01.01 23:27:12.693,1.20837,1.20832,1,1.25
2015.01.01 23:27:12.744,1.20844,1.20833,1.5,1.5
2015.01.01 23:27:12.795,1.20844,1.20837,1,2.25
2015.01.01 23:27:13.050,1.20845,1.20834,1,1
2015.01.01 23:27:13.101,1.20838,1.20837,1,1.5
2015.01.01 23:27:13.203,1.20841,1.20827,1.87,1
2015.01.01 23:27:13.254,1.20839,1.20827,1,1
2015.01.01 23:27:13.306,1.20839,1.20825,1.87,1
2015.01.01 23:27:13.357,1.20837,1.20824,1,1.95
2015.01.01 23:27:13.863,1.20837,1.20825,1,1.2
2015.01.01 23:27:14.318,1.20835,1.20825,1,1.95
2015.01.01 23:27:14.420,1.20839,1.20825,1.87,1.2
2015.01.01 23:27:14.521,1.20839,1.20825,1.5,1.2
2015.01.01 23:27:14.976,1.20839,1.20828,1.5,1
2015.01.01 23:27:15.130,1.20842,1.20829,1.5,1
2015.01.01 23:27:16.068,1.20842,1.20829,3.75,1.87
2015.01.01 23:27:16.118,1.20845,1.20829,2.25,2.62
2015.01.01 23:27:16.624,1.20844,1.20835,1,1.12
2015.01.01 23:27:17.236,1.20845,1.20835,1,1.12
2015.01.01 23:27:17.969,1.20844,1.20831,3.37,2.62
2015.01.01 23:27:18.929,1.20845,1.20834,1,1.37
2015.01.01 23:27:19.473,1.20846,1.20835,1,1.12
2015.01.01 23:27:20.805,1.20847,1.20835,1.5,1.87
2015.01.01 23:27:21.260,1.20839,1.20832,0.75,1
2015.01.01 23:27:21.413,1.20831,1.20825,1,3.75
2015.01.01 23:27:21.564,1.20833,1.20827,1,1
2015.01.01 23:27:21.666,1.20842,1.20827,1,1.72
2015.01.01 23:27:21.767,1.20834,1.20827,0.75,1.72
2015.01.01 23:27:21.970,1.2083,1.20825,1,3
2015.01.01 23:27:22.021,1.20833,1.20825,1,3
2015.01.01 23:27:22.173,1.20841,1.20827,1,1.22
2015.01.01 23:27:22.274,1.20843,1.20827,1.5,1.72
2015.01.01 23:27:23.391,1.20843,1.2083,1,1.42
2015.01.01 23:27:23.442,1.20846,1.20832,1,1.37
2015.01.01 23:27:23.543,1.20848,1.20832,1.5,1.87
2015.01.01 23:27:23.645,1.20846,1.20835,1,1.12
2015.01.01 23:27:24.127,1.20848,1.20835,1.5,1.27
2015.01.01 23:27:24.730,1.20848,1.20835,1.5,1.72
2015.01.01 23:27:25.390,1.20848,1.20835,1.5,2.77
2015.01.01 23:27:26.439,1.20846,1.20835,1,3.52
2015.01.01 23:27:26.491,1.20841,1.20835,1,1.18
2015.01.01 23:27:26.593,1.20841,1.20834,1,1.52
2015.01.01 23:27:27.200,1.20843,1.20836,1,1
2015.01.01 23:27:27.301,1.20847,1.20836,1,2.25
2015.01.01 23:27:27.353,1.2085,1.20836,2.81,2.25
2015.01.01 23:27:27.859,1.2085,1.20837,2.06,2.25
2015.01.01 23:27:28.978,1.2085,1.20836,2.44,1
2015.01.01 23:27:29.079,1.2085,1.20838,2.44,2.25
2015.01.01 23:27:30.388,1.2085,1.20837,2.44,2.25
2015.01.01 23:27:31.491,1.2085,1.20835,2.44,3.19
2015.01.01 23:27:32.696,1.20848,1.20838,1,1
2015.01.01 23:27:32.797,1.20846,1.20835,1,1.69
2015.01.01 23:27:38.223,1.20848,1.20835,1.5,1.27
2015.01.01 23:27:38.324,1.2085,1.20835,2.44,2.02
2015.01.01 23:27:38.375,1.2085,1.20835,2.44,2.47
2015.01.01 23:27:43.469,1.20847,1.20835,1,3.07
2015.01.01 23:27:43.621,1.20847,1.20836,1,1
2015.01.01 23:27:44.900,1.2085,1.20836,3.37,1
2015.01.01 23:27:45.053,1.2085,1.20837,1.87,1.28
